3875 5734
1125 775 1252 840 160
1775 787 2065 840 ROBERTI
2112 787 2565 840 Gnosssrnsrn

1121 973 1300 1038 diate
1337 977 1784 1038 successerunt
1817 971 2135 1062 patribus
2168 971 2433 1060 penitus
2472 973 2819 1062 resignent,
2852 979 2919 1040 et
2944 981 3187 1064 patroni

1117 1079 1382 1146 idoneos
1427 1077 1556 1146 adl
1607 1079 1864 1146 easdem
1911 1079 2205 1148 ecclesias
2250 1085 2665 1168 praesentent.

1211 1185 1610 1252 Audivimus
1679 1191 1918 1266 autem,
1990 1185 2165 1252 unde
2232 1207 2367 1250 non
2420 1185 2831 1252 mediocriter
2896 1185 3183 1266 dolemus

1121 1291 1296 1378 quod
1359 1291 1628 1380 quidam
1691 1293 2055 1356 sacerdotes
2100 1295 2499 1376 extorquent
2556 1293 2895 1378 pecuniam
2934 1313 2975 1356 a
3020 1289 3187 1356 laicis

1121 1419 1238 1482 pro
1283 1397 1692 1484 poenitentia,
1743 1419 1856 1464 seu
1917 1397 2065 1462 aliis
2124 1395 2547 1462 sacramentis
2606 1395 3061 1476 ministrandis
3126 1401 3187 1464 et

1121 1503 1300 1590 quod
1335 1503 1598 1590 quidam
1637 1503 1850 1590 turpis
1891 1503 2055 1568 lucri
2094 1501 2321 1590 plenas
2356 1503 2715 1590 injungunt
2756 1501 3189 1590 poenitentias3

1121 1609 1346 1694 quales
1421 1615 1578 1674 sunt
1653 1611 1828 1696 quod
1903 1607 2139 1674 mulier
2214 1609 2475 1696 cognita
2550 1633 2589 1674 a
2662 1607 2805 1674 viro
2878 1629 2991 1674 suo
3050 1613 3185 1696 post

1121 1719 1384 1802 partum
1447 1719 1604 1780 ante
1679 1737 1864 1780 suam
1940 1713 2479 1800 purificationem,
2550 1713 2847 1802 deportet
2910 1713 3185 1802 deinceps

1123 1819 1524 1884 oblationem
1569 1819 1654 1884 ad
1697 1821 1904 1884 altare
1950 1843 2099 1886 cum
2148 1819 2443 1906 qualibet
2488 1821 2757 1886 muliere
2808 1821 3187 1908 purificanda

1123 1925 1196 1990 in
1241 1925 1466 1990 eadem
1511 1923 1856 2010 parochia3
1919 1929 1987 1992 et
2046 1925 2223 2012 quod
2268 1925 2595 1992 homicida
2638 1926 2741 1992 vel
2784 1925 2897 2014 qui
2940 1925 3183 1992 alterius

1123 2037 1400 2094 mortem
1473 2031 1864 2116 procuravit,
1940 2031 2173 2096 offerat
2248 2053 2363 2120 pro
2438 2031 2729 2118 quolibet
2802 2037 3049 2098 mortuo
3120 2031 3183 2096 in

1123 2137 1348 2202 eadem
1393 2135 1712 2222 parochia.
1807 2135 1975 2202 Haec
2020 2137 2227 2224 igitur
2272 2143 2339 2202 et
2398 2137 2787 2224 hujusmodi,
2832 2137 2983 2222 quia
3024 2137 3183 2224 cupi-

1125 2241 1334 2306 ditate
1379 2247 1538 2306 sunt
1583 2241 1794 2328 plena,
1841 2241 2107 2328 penitus
2152 2243 2565 2324 inhibemus3
2628 2247 2693 2308 et
2736 2265 2819 2306 ne
2864 2243 3181 2328 quisquam

1121 2345 1412 2412 sacerdos
1455 2345 1766 2434 injungat
1811 2349 2123 2412 annualia
2180 2349 2289 2414 vel
2332 2347 2721 2412 tricennalia
2766 2369 2847 2412 ex
2892 2347 3185 2412 consimili

1123 2451 1526 2538 cupiditate3
1571 2457 1652 2520 ut
1673 2449 1700 2488 ²
1743 2451 1882 2540 ipse
1925 2451 2239 2520 videlicet
2284 2451 2439 2518 inde
2486 2455 2915 2540 consequatur
2964 2453 3183 2520 emolu—

1123 2563 1436 2624 mentum.

1211 2663 1612 2730 Audivimus
1677 2685 1934 2752 quoque
1994 2663 2169 2750 quod
2232 2663 2499 2752 quidam
2546 2665 2901 2730 sacerdotes
2958 2663 3183 2730 faciunt

1127 2793 1276 2836 suos
1349 2769 1654 2834 diaconos
1727 2769 1955 2834 audire
2022 2769 2563 2856 parochianorum
2632 2791 2891 2834 suorum
2964 2769 3183 2836 confes-

1125 2875 1374 2956 siones;
1427 2873 1600 2960 quod
1667 2897 1862 2960 quam
1923 2873 2281 2940 absurdum
2334 2875 2439 2952 sit,
2486 2895 2623 2940 non
2664 2879 2765 2940 est
2822 2897 2979 2962 opus
3034 2897 3183 2940 com-

1125 3003 1430 3062 monere3
1475 3003 1622 3048 cum
1685 2979 2029 3046 evidenter
2070 3003 2301 3048 verum
2364 2981 2469 3060 sit,
2518 2983 2689 3068 quod
2736 2981 3011 3048 diaconis
3064 3003 3183 3048 non

1125 3093 1226 3152 est
1293 3089 1544 3154 tradita
1603 3093 1892 3176 potestas
1954 3087 2207 3174 ligandi
2272 3095 2469 3176 atque
2516 3089 2809 3154 solvendi
2832 3087 2895 3170 ³3
2952 3089 3183 3174 ipsique

1125 3195 1486 3260 sacerdotes
1525 3215 1608 3258 ex
1651 3195 1772 3258 hoc
1817 3213 1951 3258 non
1998 3199 2301 3280 quaerant
2346 3193 2473 3258 nisi
2514 3195 2721 3258 otium
2764 3199 2883 3260 aut
2922 3195 3183 3282 spatium

1123 3297 1514 3366 intendendi
1555 3299 1836 3386 negotiis
1883 3297 2321 3366 secularibus:
2386 3303 2729 3386 propterea
2786 3299 3051 3364 firmiter
3090 3299 3183 3364 in-

1123 3387 1424 3472 hibemus
1469 3427 1552 3472 ne
1601 3405 1856 3472 diaconi
1901 3403 2331 3472 confessiones
2376 3405 2667 3484 audiant,
2712 3411 2829 3470 aut
2886 3405 3183 3492 poeniten-

1123 3509 1252 3576 tias
1315 3509 1684 3598 injungant,
1761 3533 1882 3576 nec
1948 3507 2079 3576 alia
2154 3515 2559 3576 sacramenta
2626 3511 2991 3576 ministrent
3054 3535 3183 3598 quae

1125 3637 1498 3682 concessum
1543 3621 1646 3682 est
1689 3615 1844 3682 solis
1889 3615 2333 3682 sacerdotibus
2378 3615 2765 3684 ministrare.

1213 3721 1532 3786 Volumus
1577 3741 1832 3810 quoque
1875 3727 1945 3788 et
1986 3723 2397 3810 praecipimus
2434 3725 2515 3786 ut
2558 3721 2797 3810 singuli
2840 3721 3183 3788 beneficiati

1123 3833 1634 3914 promoveantur
1679 3827 1760 3892 ad
1805 3827 2067 3894 ordines
2112 3849 2273 3914 quos
2318 3849 2489 3906 cura,
2532 3849 2729 3914 quam
2774 3833 3181 3914 susceperunt,

1121 3931 1352 4018 exigit.

1211 4037 1322 4102 Ad
1379 4035 1536 4118 haec,
1583 4035 1977 4102 auctoritate
2022 4035 2285 4122 speciali
2344 4037 2693 4124 apostolica
2738 4059 3185 4104 commonemus

1125 4147 1192 4206 et
1237 4143 1652 4230 praecipimus
1693 4145 1774 4206 ut
1819 4163 2047 4206 omnes
2088 4145 2367 4206 rect-ores
2414 4141 2823 4208 ecclesiarum
2874 4149 2939 4208 et
2982 4141 3187 4206 vicarii

1127 4245 1546 4312 residentiam
1593 4245 1842 4312 faciant
1885 4247 1959 4312 in
2004 4245 2341 4312 beneficiis
2386 4247 2523 4312 suis
2544 4245 2601 4330 ⁴3
2648 4253 3087 4314 conversantes
3124 4247 3189 4310 in

1127 4353 1372 4418 eisdem
1433 4351 1854 4416 laudabiliter
1915 4359 1987 4418 et
2048 4353 2359 4434 honeste3
2418 4351 2547 4418 nisi
2592 4353 2789 4418 fuerit
2832 4353 2913 4418 ob
2952 4373 3185 4418 causam

1607 4523 1742 4530 *ffl-
3134 4523 3171 4528 --
3182 4521 3191 4526 ι

1968 4523 2441 4530 -κ--ῌ--ιοφὺ-ῌ--κ
2444 4523 2715 4530 ——-—.....—.
2718 4525 2735 4530 -

1195 4613 1212 4644 ¹
1237 4613 1440 4680 patroni
1461 4613 1648 4664 idoneos
1665 4613 1758 4682 ad]
1793 4621 2027 4680 patrones
2058 4613 2123 4666 ad
2288 4617 2309 4650 ⁸
2340 4611 2577 4680 solvenda]
2614 4611 2913 4672 absolvendi,
2950 4611 3049 4664 Sid.

1127 4695 1350 4756 idoneos
1373 4695 1554 4746 0.0.c.

1193 4779 1214 4808 ²
1247 4775 1326 4842 ut]
1361 4791 1460 4830 om.
1485 4773 1666 4830 C.C.C.

2290 4725 2307 4754 ⁴
2340 4722 2469 4789 suis]
2508 4735 2605 4772 om.
2630 4719 2735 4772 sid.
