3875 5734
1627 813 1983 864 EPISTOLAE.
2728 811 2757 870 1
2770 811 2851 874 49

779 993 956 1060 bonis
1017 993 1298 1082 corporis
1363 997 1428 1058 et
1483 993 1802 1082 spiritalia
1847 1013 1965 1080 pro
2012 993 2525 1080 temporalibus3
2574 995 2853 1060 fatemur

777 1101 996 1188 utique
1037 1101 1226 1166 nobis
1271 1099 1472 1164 etiam
1517 1119 1652 1164 11011
1697 1097 2029 1164 modicum
2076 1119 2213 1164 esse
2258 1099 2493 1164 durum
2542 1105 2611 1166 et
2652 1121 2855 1186 grave

779 1209 840 1272 te
883 1229 920 1270 a
981 1205 1210 1272 scholis
1255 1203 1652 1284 abstrahere,
1697 1201 2173 1270 considerantes
2238 1223 2449 1290 quam,
2496 1203 2855 1290 adjuvante

781 1311 1016 1376 Christi
1059 1311 1284 1398 gratia,
1333 1311 1404 1374 in
1455 1309 1684 1376 scholis
1731 1329 1947 1396 posses
2016 1307 2419 1374 fructificare.
2512 1309 2643 1374 Sed
2710 1309 2855 1394 quis

777 1415 1028 1482 dubitat
1077 1415 1330 1480 minora
1397 1419 1466 1480 et
1529 1415 1880 1480 incertiora
1950 1415 2121 1480 bona
2180 1435 2299 1500 pro
2366 1413 2719 1500 majoribus
2784 1419 2855 1478 et

781 1519 1150 1586 certioribus
1213 1521 1406 1586 bonis
1471 1541 1608 1584 esse
1651 1519 2127 1606 relinquenda?
2214 1517 2377 1598 Quis
2420 1517 2623 1582 etiam
2668 1517 2857 1582 dubi-
2928 1531 2935 1536 ·

779 1631 912 1690 tare
983 1629 1196 1712 potest
1271 1625 1430 1710 quin
1505 1623 1716 1710 majus
1787 1623 2035 1688 bonum
2126 1623 2213 1688 sit
2300 1627 2559 1688 tantam
2634 1643 2855 1686 curam

779 1731 1130 1794 animarum
1219 1729 1556 1796 humiliter
1631 1731 1700 1794 et
1775 1727 2023 1794 solicite
2098 1749 2419 1816 peragere,
2498 1749 2693 1814 quam
2782 1727 2859 1792 in

779 1835 1070 1902 cathedra
1115 1833 1478 1924 magistrali
1523 1835 1850 1920 sapienter
1895 1831 2169 1900 docere?
2244 1833 2559 1920 Alioquin
2604 1853 2859 1898 summa

779 1939 1100 2026 sapientia,
1151 1939 1276 2004 Dei
1323 1939 1546 2020 Filius,
1593 1939 1666 2004 111
1727 1959 1914 2004 carne
1962 1961 2109 2004 cum
2166 1937 2543 2004 hominibus
2590 1959 2857 2004 conver-

779 2049 950 2110 satus
995 2043 1276 2124 sedisset,
1325 2043 1654 2132 sapienter
1699 2043 1934 2108 docens
1984 2043 2369 2130 sapientiam
2414 2043 2487 2108 in
2530 2043 2853 2120 cathedra,

779 2153 846 2214 et
901 2169 1034 2214 non
1073 2147 1416 2216 circuisset
1475 2147 1776 2214 civitates
1829 2153 1892 2214 et
1944 2147 2229 2230 castella,
2276 2151 2557 2236 aegrotos
2622 2169 2855 2214 curans
2882 2145 2931 2198 S·
2950 2147 3095 2196 Matt.
3114 2145 3183 2198 ix.

779 2259 844 2320 et
913 2253 1244 2322 humiliter
1313 2253 1554 2342 populo
1629 2253 2025 2340 praedicans:
2092 2253 2589 2320 Poenitentiam
2656 2253 2851 2340 amite,
2880 2223 3085 2362 &Man
3116 2311 3169 2362 iv

779 2357 1356 2444 appropinquavit
1399 2357 1588 2424 enim
1631 2379 1920 2442 reynwm
1968 2355 2283 2422 centorum
2300 2381 2329 2436 ,·
2376 2357 2665 2442 alioquin
2718 2379 2853 2424 non
2884 2351 2959 2430 15.
3086 2347 3099 2360 ⁰
3172 2349 3183 2360 ’

779 2465 918 2550 plus
977 2469 1142 2528 esset
1213 2463 1422 2530 facere
1491 2485 1686 2550 quam
1753 2463 1995 2540 docere,
2058 2483 2175 2526 nec
2250 2463 2481 2526 melior
2552 2463 2855 2528 doctrina

781 2567 980 2656 operis
1025 2589 1214 2652 quam
1259 2569 1460 2634 verbi.
1571 2565 1784 2634 Multo
1829 2589 2085 2652 quoque
2132 2565 2371 2632 certius
2416 2577 2515 2632 est
2558 2571 2753 2652 quod,
2796 2567 2853 2634 si

779 2675 894 2754 vis,
937 2679 1118 2760 potes
1163 2675 1280 2740 hoc
1347 2673 1640 2760 regimen
1699 2671 2067 2736 animarum
2136 2673 2457 2760 perficere,
2526 2695 2723 2760 quam
2780 2673 2853 2736 in

781 2779 1074 2844 cathedra
1117 2799 1364 2844 sacram
1409 2777 1812 2864 Scripturam
1859 2775 2103 2856 docere,
2150 2775 2307 2862 quia
2356 2775 2479 2842 hoc
2520 2799 2655 2842 non
2712 2777 2853 2862 jam

783 2907 910 2970 prae
953 2883 1196 2948 foribus
1259 2887 1374 2962 est,
1421 2883 1550 2960 sed,
1601 2881 1658 2946 si
1717 2881 1836 2960 viS,
1883 2879 2061 2946 infra
2124 2879 2327 2962 fores3
2396 2881 2565 2946 illud
2634 2889 2857 2946 autem

781 2989 984 3052 adhuc
1025 3011 1160 3074 prae
1223 2987 1474 3054 foribus
1539 2991 1654 3064 est,
1721 2985 2097 3074 poteritque
2160 2985 2421 3050 excludi
2490 2991 2607 3050 aut
2672 2985 2855 3050 infir-

781 3093 1002 3156 mitate
1047 3097 1162 3156 aut
1223 3091 1366 3156 aliis
1427 3091 1718 3156 fortuitis
1781 3089 2037 3156 casibus
2096 3089 2475 3156 innumeris
2566 3089 2857 3156 Multum

781 3195 970 3260 etiam
1013 3195 1136 3260 tibi
1181 3195 1548 3264 timendum
1591 3197 1706 3274 est,
1757 3193 1934 3282 quod.
1994 3193 2049 3258 si
2110 3215 2225 3280 pro
2274 3195 2559 3260 docendo
2610 3195 2857 3282 aliquot

781 3299 1082 3364 scholares
1129 3299 1418 3364 Parisius
1457 3299 1546 3366 in
1571 3297 1989 3364 sublimitate
2038 3297 2367 3364 sermonis
2412 3297 2855 3384 sapientiam,
2886 3315 2907 3356 1
2930 3307 3043 3360 Cor.
3068 3309 3187 3370 ii.1‚

781 3425 1006 3468 renuas
1049 3405 1274 3468 docere
1299 3401 1318 3438 ¹
1385 3405 1670 3468 multum
1735 3403 2187 3488 multipliciter
2232 3403 2449 3490 plures
2496 3425 2649 3468 oves
2692 3405 2739 3468 J
2744 3427 2859 3468 esu
2884 3381 2925 3436 2⁹
2950 3381 2997 3426 ⁴·

785 3507 1020 3572 Christi
1081 3507 1404 3594 simplices
1445 3507 1520 3572 in
1569 3507 1977 3586 infirmitate,
2024 3507 2139 3572 secl
2198 3513 2427 3572 tamen
2448 3505 2475 3542 2
2520 3505 2605 3572 in
2648 3513 2861 3572 osten-

777 3611 950 3676 sione
1017 3609 1310 3696 spiritus
1379 3617 1438 3678 et
1483 3609 1786 3690 viv-tatic,
1831 3609 1892 3676 J
1889 3633 2079 3676 esum
2142 3609 2493 3678 Christum
2536 3617 2595 3674 et
2640 3611 2853 3676 Hunc

783 3713 1186 3798 cracfficomm
1223 3723 1572 3800 utrumque
1617 3713 1748 3780 tibi
1791 3715 1864 3778 in
1901 3715 2155 3798 justam
2184 3737 2445 3800 poenam
2478 3713 2857 3794 auferatur3

783 3817 1094 3896 videlicet,
1191 3825 1268 3882 ut
1355 3839 1474 3882 1100
1565 3839 1858 3902 unquam
1877 3821 1904 3858 3
1980 3819 2297 3882 scholares
2388 3819 2459 3880 in
2546 3817 2857 3882 cathedra

783 3919 984 3984 solido
1029 3919 1180 3998 cibo,
1229 3941 1346 3984 nee
1397 3919 1718 4008 simplices
1787 3943 1938 3986 oves
1986 3921 2247 3996 Christi,
2316 3921 2481 3984 lacte
2544 3919 2855 4006 Simplicis
2880 3927 3009 3980 Heb.
3032 3945 3081 3980 v.
3112 3935 3183 3978 12.

785 4021 1084 4086 doctrinae
1145 4045 1384 4110 pascas
1475 4023 1566 4090 Et
1627 4023 1989 4110 periculum
2050 4023 2257 4110 igitur
2322 4025 2391 4086 et
2462 4023 2631 4086 iram
2692 4023 2739 4086 J
2742 4045 2857 4086 esu

785 4125 1022 4192 Christi
1067 4125 1382 4206 devitans,
1433 4133 1502 4194 et
1561 4127 1808 4192 bonum
1853 4127 1981 4212 maj
1992 4149 2063 4190 us
2108 4131 2175 4192 et
2220 4127 2457 4192 certius
2508 4149 2855 4208 assumem,

785 4231 1080 4296 duritiem
1151 4231 1496 4298 recedendi
1567 4253 1610 4296 a,
1683 4231 1916 4296 scholis
1992 4237 2129 4296 tam
2194 4231 2385 4296 nobis
2458 4251 2655 4314 quam
2732 4231 2857 4296 tibi

783 4335 1038 4398 mollem
1095 4333 1310 4398 facias.
1401 4335 1504 4400 De
1571 4357 1646 4398 eo
1691 4339 1914 4398 autem
1968 4335 2143 4418 quod.
2202 4333 2471 4418 plurimi
2524 4333 2653 4398 tibi
2714 4355 2859 4418 per-

785 4437 1142 4502 suadebunt
1221 4437 1398 4522 quod
1485 4437 1808 4524 sapientia
1897 4459 2031 4502 non
2108 4443 2205 4502 est
2298 4437 2651 4504 deserenda
2742 4461 2859 4524 pro

785 4541 1046 4620 divitiis,
1087 4561 1208 4608 nec
1253 4539 1502 4608 fructus
1569 4539 1844 4608 docendi
1889 4563 2007 4626 pro
2072 4539 2523 4626 dignitatibus,
2566 4563 2699 4608 11011
2762 4547 2861 4606 est

847 4769 862 4800 ¹
887 4767 1096 4836 multum]
1135 4767 1266 4818 inter
1285 4767 1514 4830 multum,
1539 4765 1644 4818 Sid.
1931 4767 1951 4798 ³
1972 4765 2205 4834 unquam]
2244 4781 2515 4832 nunquam,
2542 4763 2735 4828 C.C.C.‚
2766 4763 2865 4820 Ox,

847 4851 866 4884 ²
887 4851 1064 4922 tamen]
1099 4865 1196 4902 om.
1223 4851 1322 4902 Ox.
