3875 5734
731 1825 892 1876 Exod.

727 1893 874 1944 xviii.
905 1899 978 1946 19.

725 2127 890 2178 Exod.

727 2199 894 2248 xxxii.
921 2201 998 2250 27.

723 4319 914 4372 Jeretn.
937 4323 972 4374 ἰ.

731 4391 746 4434 1
759 4393 806 4436 Ο.

1067 775 1154 840 92
1709 787 2005 838 ROBERTI
2052 787 2511 840 Gnossnrnsrn

1065 967 1436 1034 calcaneum
1527 963 1760 1030 levare.
1913 965 2107 1050 Quod
2196 971 2415 1032 autem
2510 973 2783 1054 uterque
2872 969 3133 1058 gladius,

1063 1079 1340 1160 utraque
1403 1091 1550 1160 an,
1597 1075 1878 1160 utraque
1944 1073 2055 1140 lex
2116 1071 2205 1140 sit
2270 1071 2721 1162 principaliter
2780 1075 3135 1164 principum

1063 1179 1360 1258 ecclesiae,
1431 1175 1646 1262 liquet
1709 1201 1842 1244 non
1913 1179 2123 1246 solum
2190 1203 2275 1246 ex
2348 1201 2679 1246 sacrorum
2756 1179 3133 1268 scriptorum

1063 1281 1598 1374 expositionibus,
1657 1287 1772 1350 sed
1837 1307 1922 1352 ex
1986 1285 2409 1372 antiquorum
2482 1283 2851 1374 principum
2922 1289 3135 1374 populi

1065 1389 1196 1456 Dei
1239 1413 1280 1456 a
1323 1391 1466 1456 Deo
1513 1389 1844 1478 dispositis
1903 1389 2283 1456 actionibus
2380 1389 2643 1476 Moyses
2688 1389 2865 1458 enim
2908 1393 3135 1458 consti-

1061 1501 1250 1562 tutus
1311 1521 1350 1562 a
1417 1497 1562 1562 Deo
1627 1497 1922 1584 princeps
1998 1495 2223 1584 populi
2292 1495 2657 1578 Israelitici‚
2718 1497 2793 1562 in
2844 1497 3135 1564 omnibus

1061 1603 1308 1668 habens
1375 1607 1614 1690 typum
1687 1603 2107 1690 praelatorum
2176 1601 2475 1680 ecclesiae,
2552 1605 2835 1690 utroque
2908 1601 3133 1690 gladio,

1061 1715 1342 1796 utraque
1387 1709 1544 1798 lege,
1577 1709 1648 1774 in
1693 1713 1971 1796 utraque
2014 1731 2169 1796 pace
2212 1707 2527 1796 populum
2566 1707 2693 1774 sibi
2738 1707 3135 1776 commissum

1061 1839 1178 1904 per
1241 1815 1530 1902 seipsum
1595 1815 1900 1902 regebat3
1948 1819 2085 1880 erat
2154 1815 2347 1894 enim,
2416 1819 2497 1880 ut
2560 1813 2723 1880 dicit
2792 1813 3135 1902 Scriptura,

1053 1921 1310 2010 populo
1349 1919 1438 1986 ’ἐπ
1481 1917 1588 1986 his
1633 1941 1782 2006 quoe
1825 1919 1920 1986 ad
1962 1919 2203 2000 Deum,
2252 1941 2547 1986 coercens
2592 1919 3133 2006 transgredientes

1061 2025 1372 2090 mandata
1415 2025 1592 2112 legiS‚
1641 2025 1712 2088 in
1779 2047 2055 2112 quorum
2120 2025 2575 2090 observatione
2640 2025 2997 2090 constituta
3040 2031 3135 2090 est

1059 2129 1504 2216 tranquillitas
1571 2129 1748 2216 pacis
1821 2115 2181 2218 spiritalis3
2256 2135 2325 2196 et
2398 2129 2823 2196 nihilominus
2880 2151 3133 2216 ponens

1055 2235 1376 2322 yladium
1421 2255 1622 2322 super
1657 2233 1896 2322 femur
1931 2257 2157 2316 suum,
2188 2235 2339 2304 iens
2394 2241 2451 2302 ct
2504 2235 2777 2302 ‘rediens
2820 2233 2901 2300 de
2940 2241 3135 2322 porta

1061 2337 1154 2406 ad
1181 2347 1468 2426 portam,
1503 2339 1678 2406 ultor
1709 2341 2033 2406 malorum
2062 2339 2379 2428 puniebat
2424 2341 2879 2428 perturbantes
2922 2363 3131 2428 pacem

1057 2445 1216 2510 vitae
1261 2445 1510 2514 socialis
1539 2471 1554 2528 3
1601 2449 1910 2532 utrosque
1956 2451 2179 2512 autem
2208 2445 2697 2532 perturbatores
2744 2445 3135 2532 dijudicabat

1059 2555 1128 2616 et
1195 2551 1510 2638 puniebat
1577 2551 1830 2640 legibus
1899 2551 2027 2616 sibi
2090 2549 2409 2638 congruis.
2500 2549 2823 2616 Similiter
2890 2571 3131 2636 quoque

1061 2657 1198 2742 ejus
1273 2679 1598 2722 successor
1673 2655 1718 2724 J
1723 2679 1896 2736 osue,
1974 2661 2043 2724 et
2122 2655 2379 2742 judices
2454 2655 2571 2742 qui
2660 2655 2925 2724 fuerunt
2994 2661 3133 2744 post

1059 2763 1106 2826 J
1109 2783 1280 2842 osue,
1349 2761 1664 2848 populum
1709 2761 1983 2826 Domini
2046 2761 2379 2850 regebant,
2422 2781 2541 2848 per
2602 2783 2671 2826 se
2732 2765 3027 2826 tenentes
3068 2767 3133 2826 et

1061 2869 1402 2932 moventes
1447 2871 1806 2952 utrumque
1851 2865 2163 2952 gladium,
2210 2871 2475 2932 utentes
2540 2871 2817 2952 utraque
2862 2865 3017 2952 lege,
3064 2865 3131 2930 in

1061 2969 1406 3056 utriusque
1451 2969 1626 3056 pacis
1671 2971 2177 3036 firmamentum.
2270 2969 2403 3036 Sed
2446 2975 2793 3058 postquam
2822 2969 3133 3036 Dominus

1061 3079 1286 3140 noster
1329 3075 1376 3138 J
1379 3095 1524 3140 esus
1559 3075 1874 3142 ‘Christus
1942 3075 2247 3162 apparuit
2272 3073 2291 3112 ¹
2340 3075 2413 3140 in
2476 3075 2669 3142 terris
2712 3097 2905 3142 verus
2964 3075 3133 3142 Deus

1061 3183 1130 3246 et
1173 3179 1406 3266 Agnus
1451 3179 2031 3260 mansuetissimus,
2076 3181 2305 3246 volens
2348 3181 2915 3246 mansuetudinem
2958 3185 3023 3246 et
3064 3181 3129 3244 in

1061 3283 1290 3348 divina
1355 3305 1726 3370 suspensam
1797 3285 2235 3350 intentionem
2304 3285 2373 3348 in
2420 3267 2823 3374 principibus
2868 3285 3131 3352 ecclesiae

1061 3387 1460 3478 praeminere,
1551 3411 1634 3456 ne
1739 3389 1999 3454 claritas
2100 3389 2551 3478 praeminentis
2634 3389 3133 3456 mansuetudinis

1061 3499 1130 3560 ct
1205 3493 1276 3558 in
1351 3515 1628 3582 superna
1691 3493 2055 3580 suspensae²
2118 3493 2511 3560 intentionis
2572 3495 2975 3582 aliquatenus
3048 3495 3133 3562 of-

1061 3599 1420 3664 fuscaretur
1507 3597 1820 3664 exercitio
1909 3597 2283 3664 severitatis
2356 3603 2473 3664 aut
2550 3599 2983 3686 implicatione
3066 3601 3133 3664 in

1061 3703 1456 3770 secularibus
1523 3703 1820 3790 negotiiS,
1899 3707 2083 3768 actus
2156 3705 2359 3792 gladii
2436 3705 2787 3772 materialis
2860 3711 2925 3772 et
2998 3727 3135 3770 exe-

1061 3809 1238 3876 cutio
1297 3809 1460 3898 legis
1519 3807 1912 3896 temporaliS,
1968 3807 2041 3874 in
2106 3807 2341 3894 quibus
2394 3809 2687 3896 fulgurat
2744 3809 3087 3896 plurimum
3108 3809 3133 3846 3

1061 3915 1436 3980 severitatis
1523 3915 1680 3980 licet
1761 3913 1979 4000 justae,
2074 3917 2143 3978 et
2232 3913 2469 4002 caligat
2558 3915 2799 3978 nebula
2870 3919 3133 3980 terrenae

1061 4019 1504 4108 occupationis
1595 4019 1898 4104 quamvis
2000 4019 2221 4100 licitae,
2310 4017 2669 4084 'traduntur
2756 4019 2827 4084 in
2914 4041 3133 4084 manus

1059 4125 1430 4212 principum
1491 4125 1896 4202 secularium,
1944 4127 2205 4188 retenta
2268 4123 2619 4188 eorundem
2686 4129 3003 4210 potest-ate
3066 4125 3131 4188 in

1059 4231 1358 4296 manibus
1403 4229 1772 4318 principum
1817 4227 2397 4294 ecclesiasticorum
2428 4251 2445 4308 ;
2490 4227 2669 4294 unde
2730 4233 2797 4294 et
2838 4229 2885 4294 J
2888 4229 3131 4296 eremiae

1059 4335 1310 4400 dictum
1355 4341 1456 4400 est
1499 4335 1760 4422 gerenti
1803 4339 2045 4420 typum
2088 4335 2513 4422 praelatorum
2544 4357 2559 4398 z
2606 4333 2769 4400 Ecce
2820 4331 3131 4402 constitui

1589 4511 1732 4518 ...--.-,,-,
1757 4513 1762 4516 -
1777 4515 1782 4518 .
1793 4515 1798 4518 .
1831 4513 1838 4516 .
1849 4511 1900 4516 ..-Μ
1929 4511 2031 4518 ·--.·--„.
2058 4513 2071 4516 ..
2142 4513 2189 4518 ..,..
2210 4513 2217 4518 ..
2228 4513 2291 4518 .....-.
2306 4513 2313 4518 .
2324 4511 2407 4518 ..ω-ψ-
2430 4509 2733 4518 .·.-.--··,-.·——n·—-0....·-.-
2748 4511 2881 4518 *quw-..nm
2894 4513 2925 4518 ..-
2944 4511 3021 4518 .--··-—-
3040 4513 3051 4516 --
3072 4509 3117 4516 -·---

1123 4611 1136 4640 ¹
1163 4611 1420 4678 apparuit]
1449 4611 1736 4664 0111.C.C.C.
1755 4611 2051 4672 3venit‚Sid.
2102 4611 2113 4664 l
2220 4613 2239 4640 ⁸
2274 4613 2461 4662 Brown
2504 4611 2685 4664 inserts
2720 4619 2869 4662 terror
2900 4611 2973 4662 vel
3014 4613 3135 4662 after

1121 4693 1142 4720 '³
1169 4691 1346 4742 C.C.C.
1371 4691 1550 4740 inserts
1571 4699 1630 4752 et,
1653 4693 1890 4758 omitting
1925 4691 1967 4740 it
2002 4699 2055 4742 at
2100 4667 2109 4756 ξ
2148 4691 2421 4758 plurimam.

1057 4773 1142 4822 the
1163 4771 1442 4836 beginning
1463 4771 1522 4820 of
1537 4773 1622 4822 the
1641 4773 1756 4824 line.
2098 4775 2109 4816 Ι
