3875 5734
1069 741 1200 806 218
1719 747 2007 802 ROBERTI
2050 747 2511 802 enossn‘rns‘rs

1067 935 1456 1024 temporales
1519 951 1742 1000 eorum
1805 933 2171 1000 ministerio
2224 933 2309 998 ad
2356 955 2589 1020 pacem
2622 935 2931 1022 temporis
2974 957 3143 1022 pera-

1067 1047 1252 1128 geret
1311 1039 1634 1128 judicium
1711 1039 1782 1106 in
1861 1041 2053 1108 rebus
2128 1039 2523 1106 secularibus
2598 1043 2663 1106 et
2748 1041 3141 1110 transitoriis,

1071 1147 1310 1214 Omnia
1355 1147 1560 1236 igitur
1595 1145 1850 1234 judicia
1891 1147 2175 1216 ecclesiae
2220 1149 2391 1230 sunt,
2438 1143 2595 1234 quia
2622 1145 2955 1236 sapientiae
3000 1151 3141 1214 sunt

1067 1277 1184 1344 per
1229 1255 1704 1344 proprietatem·
1763 1257 1830 1320 et
1889 1255 2393 1336 auctoritatem3
2440 1253 2659 1318 omnia
2702 1275 2857 1320 vero
2908 1251 3137 1338 judicia

1067 1359 1492 1428 ecclesiastica
1543 1359 1826 1428 ecclesiae
1883 1367 2037 1426 sunt
2100 1383 2217 1448 per
2276 1359 2925 1440 administrationem,
2988 1359 3139 1424 sicut

1067 1467 1288 1532 omnia
1325 1465 1572 1554 judicia
1617 1465 1928 1532 secularia
1974 1465 2343 1554 principum
2406 1469 2475 1532 et
2518 1469 2917 1554 potestatum
2960 1463 3137 1530 seculi

1071 1565 1250 1638 sunt¹
1273 1575 1576 1640 similiter
1605 1593 1722 1660 per
1751 1571 2407 1638 administrationem.
2498 1571 2637 1638 Nec
2682 1571 2871 1638 alteri
2904 1569 3137 1658 judices

1069 1679 1424 1746 alterorum
1457 1677 1760 1766 judicum
1801 1701 1920 1766 per
1966 1677 2405 1744 ministerium
2450 1677 2791 1766 judicandi
2832 1677 3141 1742 invadunt

1067 1787 1250 1866 fines,
1345 1785 1472 1850 nisi
1559 1783 1732 1848 forte
1807 1805 1957 1848 cum
2042 1783 2449 1850 inevitabilis
2538 1785 2713 1872 cogit
2800 1785 3135 1850 necessitas,

1073 1891 1246 1974 Quia
1333 1891 1510 1956 enim
1601 1887 1818 1954 omnia
1895 1887 2145 1976 judicia
2234 1911 2351 1978 per
2464 1889 2915 1956 auctoritatem
3000 1893 3141 1956 sunt

1067 1997 1368 2076 ecclesiae,
1413 1993 1742 2084 principes
1787 1995 2001 2076 seculi,
2046 2017 2195 2060 cum
2262 2017 2397 2060 non
2460 1995 2705 2060 liabent
2770 1995 3137 2082 superiorem

1059 2101 1352 2188 judicem
1441 2097 1810 2182 secularem,
1891 2099 2091 2166 etiam
2180 2099 2253 2166 in
2330 2099 2539 2166 causis
2616 2099 2999 2166 secularibus
3066 2101 3141 2166 ab

1067 2207 1334 2274 ecclesia
1375 2207 1724 2294 requirunt
1757 2205 2099 2294 judicium.
2192 2205 2353 2274 Ideo
2388 2211 2457 2274 et
2486 2206 2531 2273 J
2534 2205 2791 2274 eremias
2838 2207 2947 2294 qui
2988 2209 3141 2296 gerit

737 2333 770 2382 J
775 2345 842 2382 er.
867 2331 902 2380 i.
929 2333 1004 2380 10.
1067 2319 1304 2400 typum
1349 2313 1718 2400 principum
1763 2313 2061 2390 ecclesiae,
2114 2311 2365 2376 dictum
2428 2319 2567 2378 est:
2618 2313 2777 2380 Ecce
2838 2313 3139 2380 constitu-i

1067 2425 1126 2486 tc
1169 2439 1378 2508 super
1419 2423 1642 2508 96111563
1689 2423 1748 2484 et
1801 2439 2009 2504 super
2052 2439 2285 2504 regma,
2318 2423 2399 2484 ut
2444 2415 2698 2499 evellas,
2752 2425 2809 2486 et
2840 2419 3139 2500 destruas,

1067 2531 1128 2594 et
1217 2525 1594 2614 disperdere,
1687 2529 1748 2590 ct
1821 2523 2127 2610 (1188133168,
2208 2529 2265 2592 ct
2342 2523 2641 2610 ccclificeS,
2722 2529 2781 2592 et
2844 2523 3137 2612 plantem·

1063 2637 1424 2718 potestates
1487 2631 1696 2718 igitur
1763 2633 1830 2694 et
1883 2629 2139 2716 judices
2194 2629 2527 2708 seculares,
2578 2633 2877 2718 cogentes
2920 2631 3137 2694 clerum

1065 2737 1348 2804 seculare
1393 2735 1612 2802 subire
1649 2733 1991 2820 judicium,
2020 2733 2299 2802 liberam
2346 2733 2659 2804 ancillant
2698 2739 2763 2800 et
2808 2735 3137 2822 captivant,

1065 2865 1184 2908 nec
1229 2841 1532 2930 quamvis
1577 2841 1876 2922 liberam,
1915 2841 2031 2904 sed
2076 2841 2287 2928 pretio
2334 2839 2783 2906 inaestimabili
2828 2841 3139 2928 sanguinis

735 2957 862 3024 Eph.
887 2975 932 3010 v.
959 2957 1036 3008 27.
1063 2947 1112 3014 J
1115 2969 1228 3012 esu
1277 2945 1522 3014 Christi
1565 2943 1934 3026 liberatam,
1984 2967 2285 3034 sponsam
2336 2945 2597 3026 Christi,
2634 2943 2951 3034 virginem
3008 2945 3141 3012 siue

1063 3051 1344 3118 macula
1385 3059 1444 3120 ct
1487 3073 1684 3138 ruffin,
1733 3057 2013 3118 matrem
2058 3051 2263 3118 etiam
2314 3051 2687 3140 propriam3
2730 3051 2995 3138 ideoque
3036 3075 3141 3116 nec

1065 3155 1396 3222 immerito
1515 3157 1862 3224 incurrunt
1982 3157 2511 3222 maledictionem
2628 3155 3141 3222 inhonorantium

1065 3265 1348 3328 matrem
1395 3285 1538 3350 quae
1583 3261 1658 3326 in
1703 3261 1872 3328 libro
1919 3261 2275 3350 Sapientiae
2320 3263 2443 3330 sub
2502 3261 2607 3328 his
2652 3261 2867 3328 verbis
2908 3261 3141 3348 prolata

737 3397 930 3450 Ecclus.
953 3395 1026 3448 ffi
1067 3371 1184 3444 est,
1231 3367 1320 3434 Et
1379 3375 1466 3436 est
1539 3365 1938 3434 maledictus
1986 3391 2027 3432 (ι
2070 3369 2211 3434 Deo
2276 3367 2405 3456 qui
2460 3373 2799 3454 coectspcrat
2856 3373 3135 3432 matiam.

739 3475 814 3520 18.
1069 3469 1210 3558 Ipsi
1257 3471 1456 3538 etiam
1501 3471 1836 3560 AEgyptiis
1903 3477 2061 3538 sunt
2124 3473 2531 3552 crudeliores,
2580 3477 2649 3538 et
2716 3471 3039 3558 impietate
3080 3473 3143 3536 in

1067 3575 1286 3640 Deum
1349 3583 1418 3642 et
1479 3577 1804 3642 reverenti
1807 3599 1848 3642 a
1913 3577 1989 3642 in
2054 3579 2491 3644 sacerdotium
2552 3575 2907 3666 gentilibus
2950 3581 3141 3664 poste-

1063 3681 1264 3746 riores
1331 3685 1400 3748 et
1457 3681 1991 3770 impudentiorne,
2062 3685 2241 3770 quod
2286 3683 2415 3750 Dei
2484 3687 2583 3748 est
2646 3681 2977 3770 proprium
3030 3681 3141 3748 sibi

1065 3791 1472 3874 usurpantes
1561 3789 1842 3876 gradum
1903 3789 2297 3878 superiorem
2374 3813 2569 3876 quam
2646 3789 2775 3854 sibi
2848 3795 3141 3876 congruat

1063 3891 1484 3978 impudenter
1529 3895 2045 3960 conscendentes
2138 3895 2229 3960 Et
2272 3895 2419 3960 ideo
2466 3899 2661 3960 erunt
2696 3893 2877 3982 justo
2910 3895 3141 3980 judicio

737 4009 788 4058 s.
813 4007 936 4062 Luc
1067 3995 1526 4068 novissimum
1557 3997 1778 4066 locam
1805 4021 1965 4068 cam
1992 3997 2229 4066 rubore
2258 4005 2565 4080 tenentes
2604 4003 2669 4064 et
2700 3999 2853 4086 quia
2880 4005 3027 4066 sunt
3054 4023 3141 4066 or-

735 4091 848 4206 ἷζε
867 4081 956 4218 gud
995 4173 1046 4210 es
1069 4101 1244 4166 dinis
1273 4105 1772 4192 perturbatores
1793 4103 2027 4170 meiito
2052 4105 2217 4170 fient
2246 4103 2423 4170 illius
2454 4105 2577 4170 loci
2606 4103 3015 4184 habitatores
3036 4107 3141 4172 ubi

733 4225 848 4272 who
871 4179 1004 4280 comg-
1071 4205 1294 4272 nullus
1341 4209 1516 4288 ordo,
1551 4209 1666 4272 sed
1713 4209 2145 4296 sempiternus
2190 4209 2421 4276 horror
2464 4209 2809 4278 inhabitat.
2886 4209 3141 4276 Peccant

737 4293 1046 4422 ἓξΐέζᾶᾯξξὲ
1071 4309 1278 4398 igitur
1343 4311 1718 4400 hujusmodi
1775 4311 2043 4400 judices,
2092 4317 2361 4422 peccant
2424 4317 2493 4380 et
2550 4315 2779 4394 clerici,
2832 4315 3135 4404 judicium

737 4429 936 4492 submit,
953 4435 1032 4488 sin
1073 4437 1298 4482 eorum
1361 4419 1736 4500 subeuntes„
1781 4423 2049 4506 peccant
2112 4421 2179 4482 et
2214 4395 2487 4506 praelati
2544 4425 2755 4486 tantae
2814 4419 3137 4486 violationi

735 4495 1040 4590 grievqusly
1071 4517 1402 4590 libertatis
1463 4523 1906 4592 ecclesiasticae
1976 4545 2043 4590 se
2110 4543 2245 4588 non
2316 4521 2681 4604 obicientes,
2746 4521 2923 4610 facti
2974 4523 3141 4590 velut

735 4579 932 4632 Lami
957 4593 1002 4638 6
1073 4623 1312 4692 armates·
1379 4649 1526 4694 ‘non
1597 4625 2021 4692 ‘invenientes
2076 4647 2357 4712 pascua,
2422 4635 2483 4692 ct
2542 4625 2853 4692 abeuntes
2912 4625 3135 4714 absque

1069 4727 1224 4794 ulla
1253 4731 1674 4818 fortitudine
1719 4737 1878 4798 ante
1923 4729 2181 4818 faciem
2246 4729 2707 4818 subsequentia
2802 4729 2933 4796 Cur
2976 4731 3137 4794 enim

1069 4857 1202 4902 non
1271 4835 1478 4926 magis
1551 4835 1814 4902 fortiter
1875 4837 2223 4922 patiuntur
2288 4833 2575 4920 injurias,
2626 4833 3135 4920 depraedationes,
