3875 5734
971 845 1104 908 252
1627 861 1918 910 ROBERTI
1968 855 2425 912 euossE‘rEs‘rE

935 1091 938 1096 .
971 1055 1234 1122 precum
1279 1033 1562 1098 stimulis
1609 1055 1752 1098 eam
1795 1031 2273 1122 interpellando
2328 1033 2697 1114 incitamus,
2756 1037 3063 1122 quatinus

971 1137 1058 1202 ad
1103 1139 1274 1204 hanc
1313 1161 1540 1224 pacem
1583 1139 1760 1204 inter
1803 1161 1922 1206 nos
1976 1143 2043 1204 et
2106 1137 2467 1224 capitulum
2526 1143 2831 1204 nostrum
2874 1139 3063 1206 form·-

973 1241 1214 1306 andam
1281 1245 1350 1308 et
1409 1241 1802 1308 firmandam
1865 1243 2161 1308 laborare
2228 1243 2551 1328 dignetur.
2646 1241 2925 1308 Noverit
2968 1241 3063 1308 in-

973 1365 1168 1430 super
1243 1347 1538 1410 caritatis
1603 1351 1838 1412 vestrae
1913 1345 2217 1412 discretio
2292 1345 2469 1430 quod
2540 1343 2779 1410 libenti
2852 1347 3063 1412 animo

973 1449 1332 1514 secundum
1379 1449 1951 1516 commonitionem
1982 1453 2287 1528 vestram,
2326 1469 2535 1534 usque
2580 1449 2667 1512 ad
2712 1449 3063 1514 adventum

975 1557 1270 1618 vestrum
1343 1553 1416 1616 in
1487 1555 1706 1638 partes
1779 1557 2049 1632 nostraS,
2110 1557 2619 1636 temperaremus
2684 1551 2769 1616 ab
2834 1551 2935 1616 his
2994 1553 3063 1616 in

971 1653 1212 1742 quibus
1255 1655 1560 1720 novimus
1619 1653 1979 1740 capitulum
2058 1657 2357 1718 nostrum
2422 1653 2607 1740 juste
2650 1655 2761 1720 vel
2826 1653 3061 1740 injuste

971 1759 1322 1836 molestari,
1367 1761 1496 1824 nisi
1539 1779 1654 1844 per
1697 1757 2079 1824 dilationem
2104 1755 2125 1794 ¹
2172 1753 2579 1824 executionis
2622 1757 2817 1824 officii
2860 1759 3063 1824 nostri

641 1869 788 1934 They
809 1863 936 1914 have
973 1863 1376 1928 crederemus
1421 1863 1700 1926 firmiter
1741 1861 1928 1926 nobis
1976 1859 2431 1946 praejudicium
2476 1863 2789 1948 generari.
2880 1861 3059 1926 Into-

639 1937 742 1986 had
761 1953 790 1986 ³
807 1947 842 1996 P
841 1945 950 1980 ‘⁰⁰'
975 1967 1126 2032 nuit
1187 1967 1360 2032 enim
1427 1965 1618 2030 nobis
1679 1987 1800 2052 pro
1861 1969 2037 2030 certo
2104 1969 2255 2052 post
2324 1987 2647 2030 recessum
2692 1969 2979 2032 vestrum
3022 1989 3061 2030 a

641 2011 722 2052 tor
749 2001 886 2052 since

641 2069 902 2120 Whitsun-
975 2067 1276 2156 partibus
1319 2067 1574 2148 nostris,
1625 2069 1800 2154 quod
1843 2067 2123 2134 decanus
2168 2073 2239 2132 et
2282 2067 2641 2154 capitulum
2682 2073 2979 2148 nostrum
3022 2091 3061 2132 a

641 2131 930 2254 {gsszffie
975 2171 1142 2236 festo
1185 2171 1600 2236 Pentecostes
1645 2169 1938 2256 proxime
1986 2171 2323 2256 praeterito
2352 2171 2727 2238 habuerunt
2770 2191 3062 2256 procura-

645 2271 926 2386 Cgffigtfet-
973 2279 1184 2340 torem
1229 2273 1302 2338 in
1345 2273 1526 2338 curia
1567 2273 1656 2340 ad
1697 2273 2185 2360 impetrandum
2232 2279 2463 2340 contra
2512 2295 2647 2352 nOS,
2694 2275 2781 2338 ad
2814 2273 3057 2358 judices

641 2353 740 2452 ἵετε
761 2397 956 2464 against
975 2401 1110 2442 non
1149 2379 1484 2442 immerito
1525 2379 1716 2442 nobis
1761 2383 2111 2466 suspectos,
2156 2377 2385 2442 literas
2428 2375 2833 2442 executionis
2876 2377 3059 2442 officii

641 2469 750 2586 Psi?
763 2475 824 2584 ἐξ
975 2481 1186 2546 nostri
1231 2479 1672 2566 impeditivaS,
1721 2485 1790 2546 et
1849 2481 1989 2558 hoc,
2034 2483 2115 2544 ut
2176 2481 2485 2560 creditur,
2528 2481 2615 2544 ab
2682 2501 2903 2544 eorum
2946 2479 3059 2544 ali-

635 2553 808 2652 thgm
829 2599 894 2650 he
977 2585 1230 2670 quibuS,
1295 2607 1378 2648 ne
1441 2583 1654 2648 dicam
1717 2583 1802 2648 ab
1863 2583 2183 2662 omnibus
2232 2581 2625 2662 intenditur,
2692 2585 2769 2646 ut
2836 2581 3057 2646 litibus

641 2673 876 2734 suspects·
973 2687 1456 2752 immortalibus
1503 2687 1760 2752 detenti
1819 2687 1900 2750 ab
1966 2683 2157 2748 officii
2224 2685 2439 2750 nostri
2502 2685 2879 2750 executione
2920 2709 3059 2772 per·-

971 2793 1172 2876 petuo
1247 2789 1740 2876 praepediamur.
1861 2789 2203 2868 Quantum
2276 2787 2455 2852 enim
2526 2809 2647 2852 nos
2712 2787 3057 2854 secundum

971 2891 1422 2958 modicitatem
1465 2895 1760 2956 nostram
1807 2889 2165 2978 dijudicare
2228 2913 2581 2976 possumUS,
2626 2891 2797 2954 nihil
2840 2891 2909 2954 in
2952 2913 3055 2956 eos

971 2995 1078 3060 vel
1143 3015 1370 3060 eorum
1439 2993 1734 3060 subditos
1799 3015 2097 3060 exercere
2160 2995 2635 3074 contendimus,
2700 2995 2829 3060 nisi
2888 2997 3057 3078 quod

975 3099 1328 3162 secundum
1395 3097 1506 3184 jus
1583 3097 1882 3162 divinum
1960 3099 2027 3162 et
2104 3097 2487 3164 canonicum
2554 3099 2639 3162 ad
2706 3099 3057 3184 episcopale

973 3205 1230 3286 spectat
1275 3199 1570 3278 officium,
1641 3201 1941 3286 quodque
2010 3221 2049 3264 a
2116 3201 2265 3264 sede
2332 3201 2685 3288 apostolica
2744 3199 2817 3264 in
2876 3201 3057 3266 fulci-

975 3307 1274 3368 mentum
1307 3303 1478 3388 juris
1523 3303 1882 3368 communis
1925 3307 1997 3368 et
2056 3301 2401 3368 ordinariae
2464 3303 2811 3390 potestatis
2872 3303 3057 3368 nobis

975 3405 1340 3492 specialiter
1385 3411 1488 3470 est
1517 3429 1884 3472 concessum
1913 3411 1987 3474 et
2028 3405 2377 3486 indultum,
2426 3411 2497 3472 et
2540 3407 2715 3492 quod
2760 3405 3055 3472 omittere

641 3511 724 3562 He
745 3513 850 3592 wil}
875 3519 926 3564 at
973 3531 1108 3576 non
1181 3531 1524 3596 possumus
1597 3511 1838 3594 absque
1913 3509 2283 3576 discrimine
2354 3509 2737 3576 animarum.
2828 3509 3057 3594 Siquid

641 3595 770 3710 ἓξὲξ
789 3597 906 3696 {¹³³⁶
975 3619 1196 3678 autem
1243 3635 1358 3700 per
1399 3613 1800 3700 imperitiam
1841 3619 2139 3680 nostram
2206 3613 2463 3700 decepti
2524 3615 2745 3678 minus
2806 3615 3059 3678 canoni·-

641 3713 812 3828 {beyn
833 3723 888 3766 ‘⁶0
977 3739 1126 3782 cum
1169 3717 1800 3804 attemptaverimus,
1847 3739 1997 3782 cum
2040 3717 2161 3782 hoc
2202 3717 2391 3782 nobis
2436 3717 2779 3804 patuerit2,
2812 3739 3057 3804 semper

641 3783 888 3914 wssgpgthe
965 3821 1250 3906 juvante
1295 3819 1596 3900 Domine,
1627 3821 1842 3906 parati
1885 3819 2129 3888 erimus
2168 3821 2253 3886 ab
2298 3823 2697 3906 attemptato
2736 3821 3053 3900 desistere,

975 3929 1190 3990 errata
1235 3925 1552 4012 corrigere
1597 3927 1664 3990 et
1709 3923 1792 3990 de
1841 3925 2353 4010 transgressione
2418 3923 2819 4002 satisfacere3
2882 3923 3053 4008 quod

973 4029 1216 4116 pluries
1289 4031 1430 4092 tam
1505 4027 1678 4092 dicto
1743 4049 1936 4112 quam
2012 4027 2271 4114 scripte,
2336 4029 2579 4092 decano
2642 4031 2711 4092 et
2774 4025 3053 4112 capitulo

971 4135 1196 4196 nostro
1243 4129 1714 4210 intimavimuS,
1765 4135 1828 4194 et
1873 4135 1951 4194 ut
1996 4131 2185 4194 nobis
2216 4151 2465 4194 errores
2506 4135 2765 4194 nostros
2808 4131 3053 4194 ratione

971 4255 1082 4300 seu
1117 4233 1268 4320 jure
1309 4233 1574 4320 scripte,
1615 4257 1752 4300 non
1793 4233 1930 4300 sola
1976 4255 2199 4298 eorum
2244 4233 2615 4312 assertione,
2638 4233 3059 4298 amicabiliter

971 4337 1408 4416 ostenderent,
1453 4335 1977 4422 supplicavimus
2022 4341 2103 4402 ut
2162 4335 2495 4422 patefacta
2534 4335 2817 4422 veritate
2862 4335 3057 4402 desis-

977 4581 1068 4588 -,.—.
1077 4579 2027 4586 .-———--.—--—————,„—
2034 4577 2245 4588 —-—·-.----——
2250 4581 2263 4584 ..
2270 4581 2519 4586 -—-—---.--

1049 4751 1062 4780 ¹
1097 4749 1394 4816 dilationem]
1431 4749 1762 4812 dilectionem,
1789 4749 1965 4800 ΘΕΩ.
2012 4747 2023 4818 Ι
2132 4751 2151 4778 ‘²
2178 4751 2425 4816 patuerit]
2462 4749 2691 4816 potuerit,
2712 4749 2887 4802 c.C.C.
