3875 5734
1115 819 1254 882 284
1767 823 2061 874 ROBERTI
2102 821 2577 876 GROSSETESTE.

1123 1001 1434 1068 culdubio
1475 1021 1594 1066 vos
1637 999 1766 1086 ipsi
1795 1001 2041 1068 ⁴horum
2084 1023 2277 1068 causa
2320 1001 2521 1084 estis;
2580 1001 2981 1088 gubernator
3042 1003 3211 1068 enim

1123 1129 1322 1172 causa
1367 1111 1466 1170 est
1511 1107 1868 1172 eversionis
1883 1107 1906 1144 ¹
1950 1107 2157 1186 naviS,
2204 1107 2403 1194 cujus,
2454 1107 2511 1170 si
2556 1105 2775 1186 vellet,
2822 1109 3037 1192 posset
3080 1127 3211 1170 esse

1123 1231 1322 1274 causa
1383 1209 1628 1274 salutis,
1721 1209 1886 1278 Haec
1950 1211 2163 1298 igitur
2244 1209 2645 1298 praescripta,
2736 1209 2859 1272 filii
2920 1209 3049 1274 mei
3114 1233 3209 1274 ca-

1125 1311 1384 1394 rissimi,
1433 1335 1614 1400 quoa
1661 1335 1814 1380 cum
1877 1315 2209 1402 adjutorio
2274 1313 2493 1402 Ipsius
2538 1311 2655 1398 qui
2720 1335 2805 1378 ex
2874 1311 3211 1380 dilectione

1125 1417 1332 1482 etiam
1375 1441 1492 1506 pro
1559 1419 1844 1484 inimicis
1905 1419 2075 1484 mori
2136 1419 2369 1498 voluit,
2432 1437 2689 1504 semper
2750 1415 3021 1504 diligam
3082 1439 3209 1484 non

1125 1521 1338 1586 solum
1381 1525 1656 1608 paterno
1699 1523 1941 1586 affectu
1984 1521 2099 1584 sed
2144 1525 2211 1586 et
2272 1525 2569 1586 materno
2614 1519 2727 1606 qui
2772 1521 3057 1584 tenerior
3098 1527 3207 1598 est,

1125 1621 1350 1688 filialis
1425 1623 1796 1690 dilectionis
1867 1623 2109 1688 affectu
2184 1623 2503 1710 suscipere
2580 1623 2829 1688 curetis
2940 1623 3025 1686 In
3094 1623 3211 1688 hoc

1127 1729 1306 1812 enim
1349 1749 1502 1794 vere
1545 1726 1730 1806 filios,
1777 1749 1914 1794 11011
1956 1727 2201 1794 alienos
2244 1713 2353 1792 xiel
2420 1727 2767 1816 degeneres
2808 1749 2927 1792 vos
2992 1727 3213 1812 proha-

1127 1819 1304 1912 bitis,
1351 1833 1410 1898 si
1451 1837 1758 1920 paternas
1817 1833 1936 1896 has
1998 1833 2451 1918 correptiones
2524 1829 2867 1912 suasioneS,
2934 1833 3213 1898 obsecra-

1127 1937 1358 2014 tiones,
1405 1941 1474 2000 et
1519 1935 1718 2000 etiam
1781 1957 2001 2022 preces
2064 1935 2383 2022 supplices
2428 1935 2717 2002 filialiter
2760 1935 3205 2014 sustinueritis

1127 2061 1284 2104 aure
1327 2037 1638 2102 audiendi
1681 2037 2023 2104 audieritis
2064 2043 2133 2104 et
2178 2037 2643 2104 exaudieritis:
2706 2061 2829 2104 nec
2886 2039 3209 2126 reputabi-

1127 2145 1242 2208 tur
1271 2141 1536 2220 factum,
1589 2141 1770 2226 quod
1825 2143 1912 2208 ad
1960 2141 2079 2208 has
2142 2145 2453 2228 paternas
2514 2163 2703 2208 voces
2770 2139 2967 2208 fuerit
3032 2143 3209 2208 filiali

1123 2247 1502 2312 humilitate
1549 2253 1924 2314 correctum.
2016 2247 2093 2314 Si
2136 2269 2293 2314 vero
2340 2269 2445 2314 eas
2492 2271 2577 2312 ex
2620 2247 2875 2312 intimis
2916 2247 3207 2312 medullis

1123 2355 1418 2438 paternae
1463 2349 1832 2416 dilectionis
1897 2355 1965 2418 et
2024 2351 2489 2438 compassionis
2556 2355 2775 2414 erutas
2832 2349 3207 2436 repuleritis
3260 2383 3265 2388 ·

1123 2457 1232 2520 cui
1277 2459 1490 2542 potest
1535 2455 1610 2520 in
1653 2455 1928 2522 dubium
1970 2455 2149 2520 verti
2192 2455 2369 2542 quod
2428 2457 2685 2540 patrem
2748 2475 2879 2526 non
2940 2453 3207 2540 diligitis

1123 2559 1366 2624 affectu
1435 2559 1640 2636 filiali,
1715 2581 1794 2624 ac
1867 2579 1983 2646 per
2044 2559 2181 2634 hoc,
2258 2559 2619 2622 secundum
2682 2559 2853 2642 quod
2916 2557 3205 2644 inprimis

1125 2661 1380 2726 dictum
1423 2667 1540 2742 est,
1585 2661 1975 2748 posteriores
2022 2659 2235 2726 effecti
2280 2681 2415 2724 non
2456 2661 2667 2726 solum
2720 2659 3051 2746 jumentis
3098 2659 3207 2724 sed

1127 2767 1198 2830 et
1241 2764 1706 2850 posterioribus
1749 2765 1951 2850 ipsis?
2040 2763 2265 2850 Longe
2306 2765 2397 2828 sit
2438 2763 2561 2828 hoc
2604 2787 2647 2828 a
2672 2763 2833 2830 viris
2874 2769 3013 2830 tam
3054 2763 3203 2828 emi-

1127 2869 1350 2932 nentis
1397 2867 1750 2954 sapientiae,
1799 2871 1941 2932 tam
1972 2889 2155 2952 purae
2184 2867 2659 2954 intelligentiae,
2706 2871 2845 2932 tam
2888 2865 3203 2952 praeclarae

1127 2969 1432 3050 scientiae,
1479 2975 1620 3036 tam
1663 2971 2139 3056 circumspectae
2184 2969 2589 3056 prudentiae:
2656 2971 2769 3036 sed
2814 2971 3051 3056 dirigat
3090 2991 3203 3036 vos

1127 3073 1202 3136 in
1265 3073 1534 3160 agendis
1595 3075 1898 3138 omnibus
1962 3073 2315 3160 prudentia
2376 3075 2463 3138 ad
2526 3075 2727 3140 finem
2810 3075 3051 3138 bonum
3094 3097 3205 3160 per

1127 3177 1310 3240 viam
1351 3181 1640 3258 rectam3
1701 3177 2023 3264 provehat
2088 3199 2205 3242 vos
2268 3177 2541 3244 scientia
2608 3177 2693 3242 ad
2754 3177 3093 3266 legendum
3134 3177 3203 3242 in

1127 3279 1430 3346 omnibus
1503 3285 1943 3348 ereaturarum
2018 3281 2367 3370 speciebus,
2444 3281 2631 3370 quasi
2688 3281 2763 3348 in
2822 3283 3203 3370 quibusdam

1125 3383 1468 3450 literarum
1529 3385 1836 3470 apicibus,
1887 3385 2261 3452 Creatorem
2310 3387 2565 3452 trinum
2626 3391 2693 3452 et
2754 3409 2997 3468 unum3
3060 3409 3205 3452 con·-

1115 3489 1364 3578 jungat
1405 3513 1522 3558 vos
1563 3489 2005 3578 intelligentia
2054 3491 2361 3578 angelicis
2424 3491 2781 3578 spiritibus
2850 3497 2929 3558 ut
2988 3513 3202 3558 secun-

1125 3595 1286 3660 dum
1329 3593 1828 3682 possibilitatem
1871 3595 2225 3660 humanam
2268 3595 2621 3660 imitemini
2664 3597 3203 3662 conversationem

1123 3699 1524 3786 angelicam3
1569 3699 1928 3786 superferat
1974 3721 2091 3764 vos
2136 3699 2459 3786 sapientia
2486 3699 2561 3766 in
2604 3699 2811 3786 ipsam
2858 3701 3201 3786 simplicem

1127 3801 1480 3886 Deitatem‚
1531 3807 1610 3868 ut
1655 3807 1934 3888 purgato
1980 3803 2223 3868 mentis
2270 3803 2455 3868 oculo
2502 3803 2585 3868 ab
2648 3803 2827 3868 omni
2868 3805 2965 3870 rei
3006 3809 3200 3870 mate-

1051 3911 1058 3916 “
1123 3907 1304 3972 rialis
1349 3905 1880 3992 concupiscentia,
1942 3907 2155 3996 ipsam
2216 3905 2427 3972 iucem
2496 3907 2787 3994 primam,
2832 3909 2907 3972 in
2966 3931 3093 3994 qua
3132 3909 3201 3972 in

1125 4035 1194 4076 se
1235 4011 1382 4076 visa
1423 4011 1736 4076 videntur
1781 4009 2019 4092 omnia,
2086 4011 2271 4096 cujus
2336 4011 2535 4074 etiam
2578 4011 2747 4076 visio
2808 4015 2909 4076 est
2966 4017 3201 4078 aeterna

1127 4113 1290 4194 vita,
1335 4135 1494 4200 pure
1541 4117 1608 4180 et
1651 4113 2123 4180 irreverberate
2168 4113 2709 4200 contemplemini.

1133 4343 2091 4352 ἫἭ.----*ὴ,ή-ἠψψ4
2100 4347 2197 4350 -----.
2206 4343 2665 4350 .—.-.——.-.—--.-——.--...-...—.
2672 4341 3057 4350 -—„———-..„ffl0-
3064 4341 3165 4348 —......-

1729 4489 1748 4558 J
1783 4491 2065 4560 eversionis]
2102 4491 2393 4558 aversionis,
2418 4489 2597 4546 O.C.-c.
