3875 5734
1679 865 2037 918 EPISTOLAE.
2778 853 2909 918 263

833 1041 1146 1128 quatinus
1189 1041 1276 1104 ad
1337 1041 1596 1106 tantam
1639 1041 1720 1108 de
1781 1041 1977 1108 domo
2024 1041 2297 1108 Domini
2362 1001 2915 1108 abominationem

823 1143 1200 1222 tollendam,
1249 1165 1616 1230 congruum
1665 1147 1928 1232 satagat
1970 1143 2319 1230 providere
2360 1145 2737 1212 remedium.

911 1247 1238 1316 Caeterum
1267 1269 1416 1314 cum
1461 1249 1738 1314 sciamus
1783 1269 1904 1314 vos
1946 1269 2085 1314 non
2130 1247 2541 1322 mediocriter
2580 1249 2913 1314 affectasse
2934 1263 3047 1314 The
3070 1267 3201 1318 clean

2934 1333 3207 1452 adst?

821 1455 1168 1534 sedaretur,
1215 1455 1300 1518 ad
1343 1459 1486 1518 tam
1531 1453 1744 1520 sancti
1791 1453 2097 1520 desiderii
2160 1457 2359 1518 aestus
2422 1453 2909 1540 aliquantulam,
2934 1471 3171 1530 accepted

819 1563 896 1626 ut
941 1579 1286 1644 speramus,
1333 1555 1910 1644 refrigerationem,
1956 1559 2197 1622 vestrae
2242 1561 2485 1624 sanctae
2530 1557 2917 1644 paternitati
2936 1533 3183 1664 {2325

821 1659 1260 1750 significamus
1335 1661 1512 1748 quod
1587 1659 1720 1728 cito
1807 1665 1961 1748 post
2052 1659 2493 1746 receptionem
2580 1659 2927 1726 literarum.
2940 1667 3067 1746 after·
3084 1639 3213 1720 hm}-

819 1769 1198 1844 vestrarum‚
1259 1763 1502 1852 quibus
1571 1765 1748 1830 inter
1813 1767 2055 1830 caetera
2124 1785 2245 1830 nos
2320 1763 2671 1830 affectuose
2748 1785 2919 1830 com·
2940 1737 3243 1866 ᾖξῐζξῗγῗ

821 1867 1182 1950 monuistis,
1225 1873 1308 1934 ut
1347 1873 1608 1932 nosmet
1665 1871 2177 1954 temperaremus
2218 1867 2307 1932 ab
2364 1869 2469 1932 his
2532 1867 2605 1932 in
2666 1867 2919 1952 quibus,
2942 1881 3037 1920 0118
3054 1883 3191 1924 ones.

821 1971 958 2046 sive
991 1971 1174 2058 juste
1223 1971 1364 2038 sive
1433 1971 1696 2058 injuste,
1741 1971 2135 2058 praedictum
2198 1971 2561 2058 capitulum
2622 1975 2923 2036 nostmm

821 2075 1256 2142 sentiebamus
1301 2073 1740 2154 molestatum,
1789 2073 2151 2142 obtulimus
2196 2075 2411 2142 eidem
2438 2073 2725 2162 capitulo
2760 2075 2925 2142 duas

821 2177 1058 2244 formas
1099 2177 1278 2254 satie,
1325 2181 1400 2244 ut
1447 2177 1786 2258 credimus
1833 2179 2159 2260 honestas,
2206 2181 2277 2244 et
2322 2179 2411 2244 ad
2454 2177 2701 2244 dictam
2754 2199 2925 2246 com-

821 2281 1174 2346 motionem
1217 2279 1574 2346 sedandam
1615 2279 1943 2364 efficaces;
1986 2281 2103 2346 sed
2150 2281 2243 2346 eis
2288 2285 2637 2370 utramque
2696 2303 2923 2348 earum

821 2385 1288 2466 recusantibus,
1309 2383 1580 2452 tandem
1607 2385 2187 2450 condescendimus
2212 2385 2301 2450 ad
2328 2385 2603 2450 formam
2632 2385 2919 2466 tertiam,

821 2487 894 2552 in
953 2509 1150 2574 quam
1213 2491 1282 2552 et
1347 2487 1478 2574 ipsi
1545 2493 2033 2568 consenserunt,
2082 2511 2297 2574 quam,
2344 2487 2775 2574 praesentibus
2818 2489 2919 2556 in-

823 2589 1078 2670 clusam,
1123 2589 1562 2678 supplicamus
1601 2595 1686 2658 ut
1725 2595 1951 2658 vestra
1994 2591 2377 2678 paternitas
2424 2591 2577 2658 licet
2620 2592 2919 2678 pluribus

823 2697 1146 2780 occupata,
1195 2715 1328 2760 non
1403 2697 1718 2782 gravetur
1783 2693 2149 2781 inspicere3
2210 2693 2571 2782 plurimum
2636 2715 2919 2782 namque

821 2793 1256 2862 desideramus
1301 2797 1460 2884 quid
1505 2817 1698 2884 super
1739 2797 1971 2862 eadem
2014 2795 2223 2862 forma
2268 2799 2505 2862 vestrae
2548 2797 2919 2862 sanctitatis

821 2899 1272 2966 discretionem
1315 2899 1622 2964 videatur
1667 2919 2013 2988 agnoscere
2034 2895 2057 2934 ¹
2088 2923 2103 2962 z
2152 2897 2435 2986 urgebat
2474 2919 2757 2984 namque
2802 2919 2923 2964 nos

821 3003 908 3068 ad
989 3001 1632 3068 condescendendum
1705 3001 1796 3066 ad
1881 3001 2067 3078 illam
2138 3023 2455 3090 magnum
2528 3001 2919 3066 desiderium

823 3105 1088 3172 sedandi
1183 3109 1448 3170 tantum
1537 3109 1808 3192 tamque
1865 3105 2325 3170 turbulentum
2390 3107 2497 3172 tot
2570 3109 2641 3170 et
2702 3107 2919 3170 tanto-

823 3231 966 3274 rum
1031 3209 1414 3288 tumultum,
1489 3213 1560 3276 et
1623 3201 1900 3274 tollendi
1974 3207 2377 3276 occasionem
2450 3207 2915 3288 scandalorum,

825 3311 1302 3400 obturandique
1363 3333 1482 3378 ora
1551 3309 2015 3394 detractorum,
2064 3311 2475 3378 mendacium
2538 3315 2609 3378 et
2652 3309 2919 3378 maledi·-

825 3435 1082 3498 corum3
1155 3419 1224 3482 et
1297 3417 1568 3504 insuper
1611 3413 1979 3480 multorum
2054 3413 2481 3502 prudentium
2556 3415 2913 3494 consilium,

825 3517 974 3584 licet
1061 3539 1148 3584 ex
1247 3521 1438 3604 parte
1551 3517 1680 3582 alia
1803 3517 2355 3582 consideraremus
2460 3519 2693 3584 melius
2782 3537 2919 3584 esse

825 3619 1196 3686 scandalum
1257 3619 1414 3684 oriri
1475 3639 1676 3706 quam
1739 3621 2045 3686 veritatis
2106 3624 2177 3686 et
2240 3619 2469 3686 salutis
2550 3621 2917 3684 animarum

827 3723 1102 3788 officium
1189 3723 1496 3810 deperire,
1589 3723 2003 3810 multumque
2092 3723 2471 3790 timeremus
2562 3727 2631 3790 et
2706 3723 2919 3788 adhuc

825 3827 1166 3894 timeamus
1209 3849 1294 3894 ne
1337 3827 1506 3894 forte
1549 3827 1768 3894 minus
1825 3827 2187 3914 prudenter
2246 3829 2335 3892 ad
2394 3825 2577 3892 illam
2640 3825 2917 3892 formam

825 3929 1472 4008 condescenderimus,
1517 3951 1682 4010 cum,
1747 3931 2107 3996 secundum
2174 3951 2337 4010 eam,
2382 3927 2785 4018 posuerimus
2838 3929 2917 3992 in

825 4035 1244 4118 quaestionem
1289 4039 1358 4100 et
1409 4033 1538 4100 sub'
1567 4035 1892 4120 judicium
1933 4033 2335 4100 visitationis
2380 4033 2677 4112 officium,
2740 4035 2917 4118 quod

823 4137 1208 4200 auctoritate
1249 4135 1502 4202 domini
1549 4137 1748 4224 Papae
1813 4135 2073 4202 suffulti
2114 4157 2463 4224 possemus
2510 4143 2589 4204 ut
2632 4137 2913 4218 videtur,

823 4233 1076 4320 plenius
1115 4235 1490 4316 exercuisse,
1525 4235 1826 4322 quamvis
1869 4257 2009 4302 non
2052 4235 2191 4302 sine
2218 4235 2577 4302 multorum
2620 4239 2915 4306 tumultu

821 4342 890 4404 et
947 4337 1340 4418 rebellione3
1403 4341 1472 4404 et
1547 4359 1634 4404 ne
1705 4339 1874 4404 forte
1933 4339 2235 4406 dominus
2310 4339 2493 4426 Papa
2560 4363 2679 4428 pro
2738 4341 2917 4410 malo

825 4439 1082 4522 habeat,
1173 4441 1358 4524 quasi
1445 4441 1955 4530 pusillanimiter
2046 4441 2425 4508 desierimus
2512 4443 2917 4512 visitationis

827 4543 1104 4612 officium
1147 4543 1408 4632 exequi,
1451 4567 1602 4612 cum
1643 4549 1724 4612 ut
1775 4545 1844 4612 id
1889 4543 2091 4612 libere
2138 4565 2621 4632 exequeremur,
2668 4569 2787 4612 nos
2830 4547 2915 4614 de

821 1355 898 1418 ut
941 1349 1286 1416 commotio
1329 1349 1508 1416 inter
1551 1371 1672 1416 nos
1717 1355 1788 1416 et
1839 1351 2213 1436 capitulum
2256 1355 2557 1416 nostrum
2600 1351 2913 1418 suscitata

1473 4805 1492 4876 J
1515 4803 1798 4872 agnoscere]
1841 4817 2073 4872 agnosse,
2094 4803 2195 4858 Ox.
