3875 5734
1539 845 1894 896 Errsronffi.
2694 843 2775 910 29

701 1023 1186 1108 confidentiam3
1255 1023 1370 1110 qui
1433 1029 1502 1092 et
1561 1023 1688 1092 loci.
1751 1023 2247 1114 propinquitate
2322 1035 2391 1096 et
2466 1033 2781 1116 temporis

701 1131 1176 1218 opportunitate
1239 1151 1372 1194 uno
1439 1129 1548 1194 vel
1615 1131 1868 1194 (luobus
1915 1131 2145 1198 diebus
2208 1137 2367 1200 ante
2430 1135 2605 1200 diem
2650 1139 2783 1200 sta·

699 1241 908 1302 tutum
979 1237 1082 1302 liti
1169 1235 1390 1324 potuit
1463 1235 1638 1322 apud
1715 1235 1951 1302 Sarum
2026 1237 2379 1320 interesse3
2470 1241 2587 1306 sed
2676 1241 2781 1304 die

701 1341 984 1408 condicto
1031 1343 1202 1407 inter
1245 1361 1364 1404 nos
1413 1341 1588 1428 apud
1637 1341 2061 1422 Dunelmum,
2112 1365 2247 1428 prae
2292 1341 2419 1408 loci
2466 1345 2781 1408 distantia

701 1451 764 1512 et
827 1447 1128 1536 temporis
1193 1445 1694 1534 incongruentia
1763 1449 1828 1512 et
1895 1447 2313 1534 negotiorum
2384 1447 2781 1536 spiritalium

703 1551 1106 1640 occupatione
1157 1551 1530 1630 necessaria,
1595 1551 1910 1618 interesse
1976 1573 2109 1616 non
2172 1557 2411 1638 posset.
2520 1551 2781 1638 Adjecit

703 1683 944 1746 quoque
1009 1661 1248 1746 pagina
1313 1663 1534 1726 vestra
1605 1659 1778 1746 quod
1841 1681 1977 1724 non
2048 1659 2307 1722 deceret
2370 1679 2491 1738 me,
2560 1657 2781 1722 virum

701 1769 900 1830 tantae
971 1763 1398 1842 auctoritatis,
1469 1757 1852 1828 occasiones⁴
1913 1785 2215 1850 quaerere.
2268 1761 2353 1828 ad
2430 1761 2783 1826 circumve-

703 1869 998 1936 niendum
1043 1869 1524 1956 simplicitatem
1567 1877 1860 1934 vest-ram
1889 1893 1904 1950 3
1954 1867 2091 1934 haec
2136 1873 2361 1932 autem
2406 1865 2607 1932 verba
2650 1887 2785 1930 non

701 1973 996 2040 videntur
1051 1997 1282 2060 puram
1327 1997 1548 2060 sapere
1619 1973 2127 2062 simplicitatem,
2194 1995 2343 2038 cum
2406 1993 2561 2038 vera
2630 1969 2781 2036 sim-

703 2079 944 2166 plicitas
1017 2079 1326 2144 consistat
1389 2079 1460 2142 in
1527 2079 1902 2166 cognitione
1972 2077 2115 2144 veri
2184 2083 2253 2142 et
2318 2099 2541 2142 amore
2608 2075 2781 2142 boni.

705 2183 772 2250 Si
835 2183 1004 2248 enim
1067 2183 1430 2250 credidistis
1497 2205 1602 2250 me
1671 2183 1947 2270 alicujus
1992 2181 2425 2260 auctoritatis,
2492 2205 2575 2246 ex
2642 2181 2783 2246 veri

705 2287 1056 2376 cognitione
1101 2311 1232 2352 non
1277 2289 1622 2354 crederetis
1667 2311 1772 2352 me
1817 2289 2059 2354 habere
2124 2289 2203 2352 ad
2256 2287 2781 2352 circumvenien-

705 2391 852 2458 dum
897 2413 1008 2458 vos
1051 2415 1282 2478 rugam
1327 2391 1738 2478 duplicitatis
1783 2397 1850 2458 ct
1913 2393 2137 2458 fucum
2182 2391 2505 2458 simulatae
2550 2391 2781 2456 volun-

701 2497 890 2578 tatis;
955 2497 1074 2562 scit
1141 2497 1314 2562 enim
1377 2519 1536 2562 vera
1603 2497 1892 2586 cognitio
1954 2519 2187 2586 rugam
2254 2495 2661 2584 duplicitatis
2716 2499 2785 2562 et

701 2601 908 2666 fucum
997 2601 1424 2668 simulationis
1499 2601 1756 2666 nullum
1847 2601 2089 2668 habere
2178 2602 2433 2688 pondus
2510 2601 2781 2686 alicujus

701 2705 1108 2784 auctoritatis,
1187 2711 1254 2770 et
1327 2727 1478 2772 vere
1553 2709 1971 2772 nominatam
2034 2705 2501 2772 auctoritatem
2564 2727 2781 2770 secum

703 2831 826 2874 non
893 2809 1168 2898 compati
1257 2809 1634 2876 simulatam
1711 2809 2139 2896 aequitaten1;
2214 2809 2529 2874 simulata
2604 2809 2781 2874 enim

701 2915 960 3000 {equitas
1019 2913 1346 3000 duplicata
1413 2919 1514 2980 est
1577 2915 1938 3000 iniquitas;
2004 2915 2059 2980 si
2128 2937 2283 2980 vero
2330 2913 2577 2980 nullius
2634 2937 2781 2982 auc«

701 3019 976 3084 toritatis
1041 3041 1142 3084 me
1205 3019 1588 3100 credidistis³
1639 3019 2021 3084 ascribendo
2084 3019 2253 3084 mihi
2318 3017 2781 3084 auctoritatem

701 3145 824 3188 non
869 3145 946 3186 ex
989 3145 1202 3188 amore
1247 3123 1422 3202 boni,
1469 3145 1574 3188 me
1619 3123 1951 3188 hostiliter
1998 3123 2333 3202 derisistis,
2368 3123 2781 3190 immemores

699 3227 890 3314 ipsius
951 3225 1122 3312 quod
1207 3249 1322 3314 per
1385 3229 1748 3314 sapientem
1823 3225 2077 3292 dictum
2158 3225 2337 3294 est12
2414 3225 2781 3294 -Delusorcs

703 3331 836 3418 ipsc
899 3329 1154 3396 (Zeluclct
1199 3339 1256 3396 et
1301 3331 1684 3398 mansueti-s
1749 3331 1943 3396 dabit
2008 3329 2331 3416 qratiam.
2424 3331 2779 3418 Adjecistis

701 3435 914 3514 adhuc,
981 3457 1096 3500 vos
1163 3459 1298 3500 esse
1365 3435 1712 3522 spoliatos3
1775 3435 1862 3500 ad
1925 3437 2105 3522 quod
2166 3437 2541 3522 respondeo,
2606 3439 2781 3524 quod

701 3561 810 3624 ego
895 3561 1010 3604 vos
1093 3561 1228 3606 non
1301 3539 1592 3626 spoliavi,
1685 3537 1800 3604 sed
1895 3561 1977 3604 ex
2066 3539 2367 3606 districto
2454 3547 2781 3628 praecepto

701 3641 1154 3708 ordinariorum
1227 3667 1520 3708 meorum
1595 3643 1784 3708 illum
1859 3665 2055 3730 quem
2142 3645 2373 3732 petitis
2446 3645 2781 3712 redditum

699 3745 874 3810 vobis
943 3769 1074 3810 non
1147 3747 1328 3826 solvi,
1409 3747 1612 3810 donec
1687 3767 1906 3810 coram
1974 3747 2105 3812 illis
2182 3747 2263 3812 de
2328 3747 2481 3834 jure
2556 3753 2781 3814 vestro

2806 3239 2955 3292 Prov.
2976 3239 3049 3290 iii.

2804 3315 2883 3360 34.

701 3849 936 3936 aliquid
997 3849 1382 3930 docueritis3
1457 3871 1532 3914 ac
1597 3873 1714 3936 per
1781 3849 1904 3914 hoc
1966 3873 2085 3916 nec
2148 3849 2251 3914 illi
2312 3871 2433 3914 vos
2500 3849 2809 3936 expolita,

701 3957 930 4018 verunt
993 3955 1104 4040 qui
1165 3953 1568 4018 solummodo
1637 3953 1724 4018 ad
1787 3953 2253 4018 declarandum
2304 3951 2421 4038 jus
2486 3959 2781 4020 vestrum

705 4057 1042 4122 secundum
1087 4055 1280 4122 officii
1323 4059 1426 4122 sui
1471 4055 1790 4138 debitum,
1837 4079 1959 4122 vos
2004 4055 2385 4144 compellere
2428 4055 2783 4124 voluerunt

701 4161 858 4224 sicut
931 4161 1304 4226 debuerunt.
1413 4161 1736 4226 Additum
1813 4181 2073 4246 quoque
2154 4163 2291 4224 erat
2382 4159 2453 4222 in
2544 4163 2785 4248 pagina

701 4269 908 4330 vestra
971 4287 1086 4328 vos
1153 4263 1648 4350 exceptionibus
1693 4263 2019 4328 dilatoriis
2084 4267 2153 4326 et
2214 4261 2395 4326 falsis
2454 4285 2537 4326 ex
2598 4269 2783 4350 parte

703 4391 836 4432 mea
905 4367 1220 4452 fatigatos,
1317 4365 1390 4432 Si
1453 4367 1870 4454 exceptiones
1940 4365 2267 4432 dilatoriae
2334 4387 2377 4430 a
2430 4365 2579 4450 jure
2648 4389 2785 4432 non

703 4469 1114 4560 reprobantur
1175 4471 1286 4536 sed
1355 4471 1438 4536 ab
1517 4475 1658 4536 arte
1721 4471 2071 4548 rhetorica,
2138 4473 2205 4536 et
2274 4467 2359 4534 ab
2424 4469 2565 4558 ipso
2632 4473 2783 4556 jure

737 4671 740 4674 ·
761 4667 1776 4676 ·———.-„..-——-q———.....———...-.-.—.—.-.—..—...—.—-
1787 4667 2511 4674 ..-—-—--—..——---m-—-—-.--.-——-0-——-
2518 4667 2665 4674 .--.-.—-..
2678 4667 2681 4672 .
2698 4667 2721 4672 ,-

1363 4791 1376 4824 ¹
1415 4791 1710 4862 dictumest]
1751 4791 1949 4852 dicitur,
1974 4789 2079 4842 Sid.
