3875 5734
1645 845 2001 900 ErisroLAE'.
2630 823 2635 828 ’
2736 837 2871 910 24¹7

797 1021 1204 1088 clementiam
1265 1021 1350 1086 ad
1409 1021 1876 1098 remittendum
1935 1023 2305 1102 faciliorem,
2370 1027 2559 1090 tanto
2634 1025 2869 1090 anxius

797 1125 1082 1192 dolemus
1121 1147 1242 1192 nos
1285 1127 1682 1214 praestitisse*
1707 1125 1916 1192 eidem
1968 1127 2343 1212 cujusquam
2390 1129 2649 1194 offensae
2694 1149 2873 1192 occa-

797 1229 1078 1310 sionem3
1107 1229 1280 1314 ,quia
1321 1233 1566 1314 quanto
1607 1229 1955 1314 benignior·
2016 1233 2111 1294 est
2160 1233 2245 1304 ets
2288 1229 2373 1304 ad
2428 1229 2869 1296 remissionem

795 1329 1058 1408 facilior,
1127 1335 1318 1406 tanto
1385 1335 1484 1396 est
1553 1329 1794 1404 offendi
1851 1329 2201 1416 indignior,
2268 1333 2337 1402 et
2410 1329 2595 1416 culpa
2670 1331 2869 1396 offen-

797 1435 1004 1514 dentis
1043 1433 1318 1520 gravior,
1381 1431 1556 1516 *Hoc
1599 1415 1840 1514 tamen,
1875 1437 1955 1512 ut
1998 1433 2277 1500 firmiter
2316 1455 2661 1518 speramus
2684 1435 2869 1500 ‘unde

797 1541 862 1602 et
905 1537 1328 1616 consolamur,
1373 1537 1550 1624 apud
1591 1537 1999 1614 clementiam
2056 1541 2339 1602 vestram
2402 1537 2659 1622 culpam
2722 1557 2871 1600 nos-

795 1637 986 1710 tram¹
1033 1639 1262 1704 reddet
1317 1639 1626 1708 leviorem
1685 1641 2025 1724 veniaeque
2094 1639 2645 1726 propinquiorem,
2694 1641 2869 1724 quod
2948 1731 2953 1734 Ι
3064 1729 3067 1732 ἡ

797 1743 1044 1824 dictum
1085 1741 1470 1806 mandatum
1513 1743 1586 1814 in
1631 1741 2047 1828 simplicitate
2088 1743 2311 1818 cordis·
2332 1743 2547 1828 (novit
2590 1741 2711 1824 I]le
2760 1741 2871 1826 qui

795 1847 1112 1920 scrutator
1175 1847 1274 1912 est
1337 1843 1574 1930 cordis)
1637 1865 1676 1908 a
1733 1845 1926 1910 nobis
1986 1845 2363 1918 emanavitz„
2428 1843 2871 1922 intelleximus
2936 1833 2941 1838 ”

797 1947 968 2010 enim
1009 1951 1158 2030 post
1215 1945 1624 2022 collationem
1679 1945 1973 2010 habitam
2034 1947 2371 2012 vobiscum
2430 1953 2497 2012 et
2556 1969 2699 2012 cum
2746 1947 2869 2012 cle-

793 2049 942 2114 ricis
1001 2049 1236 2114 vestris
1299 2071 1490 2134 super
1547 2049 1924 2114 executione
1988 2049 2289 2114 facienda
2344 2049 2645 2114 mandati
2708 2049 2873 2116 dicti

795 2151 1064 2232 abbatis
1109 2151 1288 2236 quod
1329 2173 1448 2218 Vos
1509 2151 1800 2214 sensistis
1847 2173 1969 2216 nos
2028 2155 2321 2238 oportere
2382 2151 2631 2216 dictum
2684 2175 2871 2224 man-

797 2253 1020 2318 datum
1089 2253 1336 2340 exequi.
1451 2251 1592 2316 Nec
1653 2259 1934 2332 moveat,
2002 2275 2273 2330 oramus
2332 2259 2573 2318 vestrae
2630 2253 2871 2324 mentis

797 2355 1226 2436 constantiam
1291 2353 1562 2438 alicujus
1637 2355 1963 2442 suggestio
2030 2355 2113 2418 ad
2178 2353 2633 2442 suspicandum
2696 2355 2871 2442 quod

797 2457 864 2520 in
911 2457 1100 2522 nobis
1157 2457 1356 2520 fuerit
1403 2445 1558 2540 erga
1613 2461 1904 2520 vestram
1960 2457 2377 2520 sanctitatem
2428 2457 2499 2520 in
2558 2449 2869 2542 praedicto

793 2559 960 2624 facto
1033 2559 1254 2644 aliqua
1325 2559 1592 2622 sinistra
1669 2557 2013 2622 commotio
2036 2557 2099 2622 2:
2154 2559 2325 2644 quia,
2388 2559 2577 2632 testis
2648 2565 2871 2634 noster

797 2665 890 2724 est
935 2661 1058 2724 Ille
1103 2659 1220 2746 qui
1263 2659 1490 2724 {Iudex
1533 2663 1648 2738 est,
1701 2659 1874 2744 quod.
1917 2679 2037 2724 nec
2078 2659 2153 2722 in
2196 2663 2581 2744 conceptum
2626 2664 2867 2730 nostrae

795 2755 1152 2838 voluntatis
1225 2763 1544 2840 ascendit,
1613 2765 1694 2826 ut
1765 2765 2001 2832 vestrae
2092 2761 2459 2838 sanctitatis
2544 2761 2871 2838 serenissim

795 2889 970 2940 muni
1043 2857 1264 2944 lumen
1339 2865 1562 2952 aliqua
1633 2865 2079 2930 obfuscatione
2154 2865 2667 2946 obduceremus3
2740 2865 2869 2944 sed,

797 2969 968 3054 quod
1007 2969 1208 3036 inviti
1253 2967 1694 3054 compellimur
1735 2967 1965 3048 dicere,
2010 2989 2095 3032 ex
2148 2989 2275 3054 quo
2322 2967 2689 3032 sanctitatis
2730 2989 2875 3032 ves-

793 3073 914 3138 trae
985 3071 1296 3144 notitiam
1351 3069 1722 3150 habuimUS,
1785 3091 1928 3138 eam
1986 3069 2291 3136 laudibus
2356 3069 2671 3138 extollere
2740 3091 2877 3134 non

795 3173 1202 3254 cessavimus,
1257 3175 1328 3236 et
1377 3173 1434 3238 si
1493 3173 1640 3258 quis
1699 3171 1870 3238 forte
1921 3171 2107 3246 velut
2166 3173 2471 3244 nubilum
2530 3171 2707 3258 apud
2766 3173 2883 3236 ali-

797 3297 956 3360 quos
1021 3275 1104 3340 de
1163 3297 1238 3340 ea
1299 3297 1370 3338 re
1427 3273 1778 3340 videbatur
1837 3273 2195 3360 aliquando
2258 3267 2655 3360 depromere,
2712 3273 2885 3362 (ipsa

797 3379 972 3442 enim
1013 3375 1288 3448 virtutis
1331 3381 1452 3442 lu‘x
1509 3377 1730 3462 impiis
1793 3381 1892 3442 est
1944 3375 2307 3456 tenebrosa,
2360 3383 2433 3442 et
2490 3377 2731 3442 lenitas
2790 3399 2889 3442 as-

795 3479 988 3566 pera,)
1035 3479 1204 3546 illud
1247 3479 1690 3552 excusationis
1733 3483 1804 3544 et
1847 3479 2241 3546 defensionis
2290 3501 2431 3546 non
2470 3481 2647 3546 fictae
2694 3481 2893 3566 pallio

797 3581 1126 3660 ventilare,
1177 3585 1244 3646 et
1299 3581 1688 3646 ventilando
1747 3583 1969 3648 velare
2028 3603 2147 3666 pro
2192 3583 2459 3648 modulo
2502 3587 2727 3654 nostro
2788 3605 2897 3648 cu-

797 3683 1100 3748 ravimus.
1193 3683 1502 3768 Ignoscat
1573 3685 1782 3770 igitur
1853 3689 2101 3750 nostrae
2176 3683 2587 3772 simplicitati
2654 3685 2903 3770 simpli-

799 3785 958 3850 citer
999 3789 1070 3852 et
1125 3783 1472 3850 humiliter
1523 3785 1826 3870 petimus,
1871 3789 2113 3850 vestra·
2160 3783 2561 3874 benignitas,
2608 3787 2785 3870 quod
2842 3787 2907 3852 ei

797 3887 1108 3954 molestiae
1199 3887 1598 3954 occasionem
1685 3889 1892 3954 inviti
1966 3891 2035 3954 et
2106 3889 2493 3974 ignoranter
2566 3887 2913 3972 dedimus3

799 3989 954 4074 quia
991 4011 1130 4054 non
1181 3993 1406 4074 potest
1465 3989 1640 4074 apud.
1707 3991 1888 4074 piam
1933 3989 2353 4060 clementiam
2412 4011 2553 4054 non
2612 4011 2751 4056 esse
2812 3991 2911 4076 ig-

797 4091 1104 4156 noscibile
1151 4091 1330 4176 quod
1381 4113 1470 4154 ex
1519 4091 1732 4156 cordis
1769 4083 2097 4176 ⁴procedit
2136 4091 2583 4178 simplicitate.
2672 4091 2913 4158 Valeat

797 4193 1160 4278 paternitas
1203 4197 1430 4260 vestra
1471 4215 1590 4280 per
1631 4197 1934 4278 tempora.
1974 4191 2289 4278 longiora.

1603 4419 1632 4422 —
1639 4419 1650 4422 ..
1659 4419 1782 4424 .———
1793 4417 1951 4424 -.——
1966 4417 2075 4422 -.......--
2084 4417 2203 4422 ——....
2210 4417 2787 4424 --—....-—.--—-*-—-—--——--.—---
2798 4419 2899 4424 —..-

867 4563 882 4594 ¹
905 4563 1144 4632 nostram]
1181 4581 1282 4616 om.
1307 4563 1490 4616 cco.
1849 4561 1862 4632 Ι
1956 4563 1973 4594 ¹
2004 4563 2275 4628 commotio]
2316 4561 2583 4626 convictio,
2604 4561 2811 4638 Brown.
