3875 5734
1519 805 1868 852 EPISTOLAE.
2612 795 2691 858 13
2708 799 2731 858 1

695 981 1130 1050 benevolentia.
1239 983 1370 1050 Vos
1439 985 1614 1050 enim
1659 985 1963 1052 novimus
2008 1007 2141 1052 non
2184 991 2323 1052 tam
2368 1007 2481 1074 per
2524 985 2737 1050 nomi-
2760 997 2871 1060 tary
2892 993 3003 1074 that

691 1089 948 1158 nationis
989 1095 1218 1158 vestrae
1285 1091 1746 1180 proprietatem
1791 1113 1989 1178 quam
2034 1115 2149 1180 per
2190 1115 2445 1158 morum
2490 1097 2739 1158 vestro-
2760 1061 2973 1180 Ῑξξΐζζῗᾶ

687 1221 818 1264 rum
857 1197 1152 1264 eximiam
1193 1197 1570 1264 claritatem.
1661 1197 1955 1264 Plurium
2008 1199 2181 1264 enim
2226 1199 2359 1264 fida
2422 1199 2739 1266 relatione
2762 1199 2841 1250 his
2862 1199 3045 1250 affairs.

691 1307 750 1368 et
801 1305 1104 1392 praecipue
1177 1303 1578 1370 dilectissimi
1621 1303 1830 1370 nostri
1875 1303 2267 1370 venerabilis
2310 1305 2439 1368 viri
2486 1305 2735 1370 domini

689 1407 730 1476 J
731 1411 940 1476 oannis
1001 1409 1080 1476 de
1145 1409 1510 1490 Ferentin0‚
1607 1407 1856 1476 domini
1931 1407 2127 1496 Papae
2222 1407 2605 1474 subdiaconi
2668 1415 2737 1476 et
2840 1431 2849 1440 ‘

691 1515 990 1606 capellani,
1049 1515 1116 1582 N
1119 1515 1506 1606 orwycensis
1549 1515 2001 1596 archidiaconi,
2072 1515 2437 1596 didicimuS‚
2488 1521 2739 1602 quanto
2794 1585 2799 1590 ,

691 1619 906 1690 timore
965 1621 1094 1692 Det·
1153 1645 1300 1688 cum
1343 1623 1390 1688 J
1393 1623 1476 1688 ob
1521 1645 1566 1688 a
1609 1621 1790 1690 malo
1853 1619 2175 1704 ‘recedit-is,
2232 1625 2481 1710 quanto
2524 1641 2741 1688 amore
2766 1637 3073 1694 Jonxxviii.

691 1729 764 1794 ad
829 1729 992 1794 bona
1061 1727 1340 1810 fervetiS,
1411 1731 1666 1818 quanta
1755 1727 2163 1794 discretionis
2244 1727 2597 1816 prudentia
2670 1727 2745 1794 in
2772 1717 2849 1764 ²⁸·

693 1833 948 1902 consiliis
1007 1833 1274 1924 polletiS,
1339 1839 1584 1924 quanto
1645 1833 2055 1900 strenuitatis
2124 1833 2361 1924 vigore,
2418 1833 2749 1922 dispensa-

689 1939 914 2006 tionem
953 1941 1298 2006 ministerii
1361 1939 1548 2008 vobis
1613 1939 1928 2006 creditam
1994 1939 2381 2028 adimpletis.
2496 1941 2601 2006 Ex
2646 1941 2749 2006 his

689 2045 872 2136 igitur
913 2051 978 2112 et
1019 2043 1384 2134 hujusmodi
1427 2045 1634 2112 animi
1679 2045 1880 2112 vestri
1948 2045 2313 2112 virtutibus
2358 2047 2621 2136 plenam
2664 2047 2747 2112 de

687 2157 884 2218 vestra
959 2151 1360 2242 benignitate
1437 2151 1868 2240 concipientes
1944 2151 2251 2218 fiduciam
2348 2151 2751 2220 confidenter

689 2259 856 2324 vobis
915 2259 1262 2340 scribimuS,
1327 2257 1478 2346 quia
1541 2257 1786 2324 talibus
1853 2264 2159 2324 ornatum
2226 2259 2533 2346 insigniis
2584 2257 2749 2326 cari-

689 2366 828 2444 tate,
901 2385 1044 2452 quae
1115 2361 1352 2430 omnia
1423 2371 1662 2454 sperat,
1739 2363 2023 2430 fideliter
2094 2387 2403 2442 amamus
2472 2365 2751 2454 supplici
2780 2367 2803 2414 1
2832 2363 2947 2418 0⁰1·-
2970 2365 3081 2418 xiii.

691 2469 1012 2536 devotione
1097 2473 1414 2556 roganteS,
1505 2475 1828 2558 quatenus
1919 2469 2173 2536 intuitu
2268 2469 2397 2536 Dei
2484 2469 2751 2556 negotia
2780 2435 2825 2486 7‘

689 2581 908 2654 nostra,
981 2573 1052 2640 in
1127 2579 1442 2662 quantum
1523 2577 1856 2662 pertinent
1931 2575 2019 2640 ad
2090 2575 2407 2642 honorem
2480 2575 2613 2640 Dei
2682 2581 2751 2640 et

687 2679 942 2748 ecclesiae
989 2683 1058 2746 et
1101 2681 1186 2746 acl
1229 2679 1600 2746 animarum
1645 2681 1922 2748 salutem
1966 2679 2249 2768 benigne
2298 2679 2553 2768 juvare,
2604 2703 2755 2768 pro·-

687 2807 938 2866 movere‚
983 2789 1052 2852 et
1091 2785 1396 2874 expedire
1439 2785 1676 2852 velitis.
1789 2787 1880 2852 Et
1925 2787 2081 2874 quia
2124 2807 2305 2850 amor
2348 2785 2607 2852 fervens
2652 2787 2755 2850 in-

687 2893 870 2958 terius
911 2913 1040 2958 non
1089 2897 1304 2978 potest
1347 2913 1480 2958 non
1535 2913 1868 2982 erumpere
1913 2891 1987 2956 in
2028 2891 2317 2978 aliquam
2364 2891 2755 2958 exteriorem

687 2995 1088 3060 ostensionem
1133 2997 1214 3060 ad
1263 2995 1630 3061 dilectionis
1689 3019 1842 3084 erga
1907 3017 2027 3062 vos
2094 2999 2421 3084 conceptae
2466 2995 2757 3082 qualem-

687 3123 916 3190 cunque
965 3101 1414 3184 ostensionem,
1463 3101 1924 3166 munusculum
1982 3123 2265 3188 parvum
2322 3105 2559 3168 vestrae
2604 3101 2757 3168 mit-

689 3207 868 3272 timus
941 3207 1450 3288 benevolentiae3
1557 3211 1894 3294 sperantes
1974 3207 2151 3294 quod
2232 3207 2401 3274 illud
2474 3207 2759 3294 benigne

687 3309 1040 3400 suscipietis
1135 3313 1292 3400 quia
1369 3313 1586 3378 virtus
1673 3335 1806 3400 qua
1879 3315 2139 3402 polletis
2232 3337 2367 3380 non
2440 3315 2763 3402 ponderat

689 3417 912 3482 donum
955 3441 1040 3484 ex
1079 3417 1286 3504 ipsius
1329 3417 1500 3482 mole
1547 3417 1662 3482 sed
1705 3441 1790 3482 ex
1837 3417 2145 3486 donantis
2190 3417 2551 3486 affectione.

1631 3759 1770 3824 XL.

699 3943 848 4012 Viro
887 3945 1158 4012 venerab
1167 3945 1250 4012 aa
1295 3945 1384 4012 ὧν,
1433 3945 1702 4014 Christo
1733 3945 2091 4014 carissimo
2122 3945 2365 4014 Fratri
2412 3945 2471 4012 J
2466 3945 2749 4026 orelam,
2848 3957 2991 4010 1237.

839 4049 1136 4136 yenerali
1183 4049 1430 4116 Priori
1497 4049 1834 4116 Fratrum
1899 4049 2463 4128 Proedtcatoru-m,
2514 4047 2757 4114 Robe'r-

843 4161 950 4222 tus
1001 4155 1448 4242 permissione
1537 4155 1796 4222 divina
1869 4153 2385 4222 Lincolniensis
2474 4153 2757 4222 ecclesioe

839 4257 1156 4326 minister
1183 4257 1490 4340 humilia
1541 4259 1832 4326 salutem
1859 4267 1922 4326 et
1950 4259 2299 4326 sincerum
2340 4257 2427 4326 in
2454 4259 2757 4326 Domino

843 4363 1148 4430 caritatis
1191 4363 1516 4452 affectum.

767 4551 1090 4618 Credimus
1117 4557 1408 4620 vestram
1439 4555 1786 4620 caritatem
1817 4553 2193 4620 memoriter
2238 4557 2461 4620 tenere
2508 4559 2757 4638 quanta
2784 4565 2837 4614 A
2860 4569 3057 4626 request

695 4653 1136 4738 familiaritate,
1201 4681 1352 4726 cum
1397 4659 1618 4724 fuistis
1667 4659 1961 4740 Oxoniae,
2010 4663 2231 4722 vestra
2278 4657 2483 4722 dulcis
2528 4657 2757 4724 affabi-
2782 4629 3041 4758 ss'rassffgee„

685 4757 824 4830 Iitas
887 4763 970 4830 ad
1061 4763 1326 4852 privata
1409 4785 1530 4830 nos
1611 4765 1892 4852 suscepit
1968 4763 2341 4850 frequenter
2416 4761 2755 4848 colloquia,
2784 4763 2925 4812 neral
2944 4763 3005 4810 of

2046 4891 2051 4898 ·
2376 4881 2403 4928 1
2452 4869 2493 4930 2
