3875 5734
1569 809 1928 860 EPISTOLAE.
2664 789 2787 852 401

705 979 1096 1058 constitutis,
1145 981 1388 1068 singuli
1433 983 1518 1048 ad
1577 983 1868 1070 singulas
1913 981 2127 1046 vineae
2174 981 2525 1068 particulas
2568 1001 2793 1068 specu-

701 1085 930 1150 landas
973 1089 1042 1150 et
1089 1075 1568 1164 custodiendas,
1613 1091 1710 1164 ut,
1759 1087 1916 1170 quia
1984 1085 2351 1176 speculator
2414 1085 2487 1150 in
2538 1107 2793 1150 summo

703 1187 974 1276 speculae
1051 1189 1454 1254 constitutus
1527 1209 1664 1252 non
1739 1191 1959 1274 potest
2018 1185 2211 1252 simul
2288 1193 2355 1254 et
2416 1187 2611 1254 semel
2630 1185 2653 1222 ¹
2720 1187 2797 1252 in

703 1313 924 1356 omnes
967 1291 1184 1356 vineae
1241 1293 1464 1378 partes
1507 1289 1726 1356 visum
1771 1291 2069 1378 defigere,
2116 1289 2229 1356 sed
2292 1311 2467 1356 nunc
2532 1297 2797 1356 vertens

701 1419 766 1462 se
835 1395 920 1460 ad
983 1395 1322 1460 Orientem
1379 1395 1454 1458 in
1497 1399 1754 1482 partem
1803 1393 2223 1482 Orientalem,
2272 1417 2449 1458 nunc
2492 1395 2577 1458 ad
2622 1395 2797 1460 Aus-

699 1505 876 1566 trum
949 1499 1022 1562 in
1097 1497 1490 1576 Australem,
1575 1503 1640 1562 et
1731 1497 2031 1562 similiter
2112 1497 2193 1562 de
2266 1497 2565 1582 partibus
2630 1499 2793 1576 aliis,

701 1603 884 1668 nulla
927 1625 1052 1690 que
1111 1623 1260 1690 pars
1303 1601 1514 1668 vineae
1589 1601 1796 1688 possit
1853 1601 2211 1688 aliquando
2270 1603 2409 1666 sine
2454 1601 2793 1688 dispendio

699 1729 910 1774 carere
941 1707 1370 1772 custodientis
1415 1705 1868 1794 speculatione,
1917 1727 2033 1794 per
2076 1705 2461 1770 inferiorum
2506 1707 2793 1792 specula-

697 1815 914 1874 torum
975 1809 1450 1874 adminiculum
1493 1809 1894 1896 compleatur
1940 1807 2287 1894 cujuslibet
2330 1809 2537 1896 partis
2580 1809 2793 1874 vineae

701 1913 1012 1978 continua
1035 1911 1064 1948 ²
1139 1913 1448 1992 custodia,
1517 1913 1694 2000 quod
1757 1911 2067 2000 compleri
2124 1935 2259 1976 non
2326 1911 2531 1998 possit
2596 1911 2795 1976 solius

695 2015 1038 2102 superioris
1127 2017 1548 2104 speculatoris
1635 2017 1991 2104 diligentia.
2082 2015 2485 2102 Hujusmodi
2574 2015 2797 2102 itaque
2820 2019 3039 2086 {though

697 2119 1060 2208 speculator
1127 2121 1214 2184 ad
1257 2121 1622 2186 custodiam
1691 2121 1900 2186 totius
1968 2121 2183 2186 vineae
2250 2121 2653 2186 constitutus
2718 2119 2793 2184 in
2816 2085 3109 2210 ζξῗοζῖῗῇθ

697 2223 1010 2310 superiori
1059 2223 1514 2312 speculatione,
1573 2247 1796 2290 nonne
1859 2245 2119 2290 necesse
2142 2223 2169 2260 3
2232 2223 2451 2304 habet,
2524 2225 2579 2288 si
2642 2223 2791 2288 vult
2814 2221 2901 2270 the
2922 2223 3051 2272 head

697 2327 872 2414 apud
917 2329 1278 2394 Dominum
1321 2321 1532 2394 vineae
1593 2333 1854 2394 reatum
1925 2349 2063 2394 non
2126 2329 2471 2406 incurrere,
2542 2333 2791 2412 quanta
2814 2289 3111 2352 watehman,

695 2439 910 2520 potest
955 2433 1258 2520 diligenti
1301 2433 1688 2520 frequentia,
1735 2455 1912 2500 nunc
1956 2433 2029 2496 in
2086 2431 2255 2496 hanc
2298 2437 2571 2518 partem,
2614 2455 2793 2496 nunc

697 2537 768 2600 in
833 2535 1032 2616 illam,
1097 2555 1278 2602 'nunc
1337 2535 1412 2600 in
1477 2537 1762 2612 tertiam,
1831 2543 1898 2602 et
1964 2559 2139 2600 nunc
2202 2535 2277 2598 in
2342 2541 2665 2620 quartam,
2730 2559 2799 2600 se

695 2645 962 2718 vertere,
1031 2663 1382 2726 omnesque
1445 2641 1660 2706 vineae
1703 2645 1928 2726 partes
1974 2643 2301 2724 quantum
2346 2643 2565 2724 potest
2612 2645 2809 2704 acuta

699 2743 1136 2828 speculatione
1187 2743 1556 2828 conspicere
1601 2747 1670 2806 et
1733 2743 2193 2826 conspiciendo
2236 2745 2601 2828 penetrare,
2632 2747 2713 2806 ut
2756 2741 2815 2806 si

699 2845 866 2910 forte
911 2847 1154 2912 alicubi
1199 2847 1508 2932 ingressae
1553 2845 1808 2910 fuerint
1865 2843 2243 2930 vulpeculcc
2288 2845 2383 2910 ad
2446 2843 2815 2910 demotum·
2840 2841 2985 2896 cant.
3002 2843 3057 2898 ii.
3074 2853 3149 2898 15-

701 2949 872 3014 dum
933 2949 1232 3028 vineam,
1279 2949 1428 3014 illas
1497 2949 1710 3036 possit
1777 2949 2011 3014 subtili
2080 2949 2523 3036 speculatione
2596 2949 2821 3036 depre-
2872 2949 2875 2952 ’

697 3053 976 3120 bendere
1023 3059 1094 3120 et
1153 3053 1590 3140 deprehensas
1635 3075 1864 3140 capere
1905 3052 2017 3118 vel
2062 3053 2295 3120 saltem
2344 3053 2655 3140 abigere?
2746 3053 2823 3120 Si
2844 3043 3091 3162 5323de
3088 3113 3115 3162 f

699 3159 938 3244 aliquis
983 3157 1064 3222 de
1127 3157 1548 3222 inferioribus
1597 3179 1664 3222 se
1735 3157 2253 3244 speculatoribus
2316 3157 2497 3244 prius
2568 3179 2643 3222 eo
2712 3179 2819 3222 eas
2844 3127 2931 3228 fhe
2952 3179 3123 3228 inferi-

701 3261 1220 3348 deprehenderit,
1267 3261 1528 3348 ceperit,
1577 3261 1688 3326 vel
1763 3261 2063 3348 abigerit,
2112 3283 2335 3326 nonne
2396 3261 2511 3342 illi,
2562 3261 2681 3348 qui
2738 3261 2821 3326 de
2846 3247 3125 3362 οζῗθῗξῗ·

701 3369 846 3430 tota
887 3367 1088 3430 vinea
1133 3365 1334 3430 debet
1361 3365 1688 3430 rationem
1715 3363 2011 3444 reddere,
2042 3365 2163 3430 hoc
2208 3365 2447 3432 merito
2490 3367 2775 3452 placebit
2798 3369 2823 3430 2
2844 3329 2899 3430 {³12
2920 3381 3007 3430 the

671 3467 774 3534 ‚Si
835 3475 1058 3534 autern
1117 3469 1258 3556 ipse
1325 3467 1732 3554 praeviderit,
1803 3469 2063 3556 ceperit,
2108 3471 2221 3534 vel
2280 3469 2581 3558 abigerit,
2648 3491 2821 3534 nun-
2842 3447 3023 3498 wateh.

701 3573 860 3658 quid
903 3573 978 3636 in
1021 3573 1142 3638 hoc
1191 3573 1582 3660 speculatori
1627 3573 1752 3638 sub
1799 3595 1866 3638 se
1913 3573 2277 3640 constituto
2322 3575 2393 3638 in
2440 3573 2543 3638 sui
2586 3573 2815 3638 minis-

701 3675 852 3740 terii
895 3677 1262 3742 subsidium
1307 3675 1664 3762 injuriosus
1711 3675 1886 3744 erit?
2004 3679 2151 3744 Imo
2198 3677 2329 3742 nisi
2396 3679 2517 3744 hoc
2560 3677 2799 3756 fecerit,

701 3779 980 3844 Domino
1049 3781 1260 3844 vineae
1321 3779 1676 3864 injuriosus
1739 3781 1880 3860 erit,
1937 3787 2007 3846 et
2082 3783 2205 3846 sub
2274 3805 2343 3846 se
2418 3781 2793 3846 constitutis

701 3883 1208 3968 speculatoribus
1237 3883 1598 3964 damnosus
1649 3907 1798 3948 cum
1827 3885 1894 3950 hi
1944 3885 2021 3950 de
2066 3885 2363 3972 partibus
2392 3885 2603 3950 vineae
2652 3907 2787 3948 suae

703 3986 1130 4072 speculationi
1223 3987 1576 4052 commissis
1691 3987 1973 4054 debeant
2074 3987 2397 4052 rationem
2498 3985 2785 4064 reddere,

701 4089 1014 4176 puniendi
1075 4089 1130 4154 si
1179 4089 1484 4156 deficiant
1527 4091 1598 4154 in
1663 4091 1995 4156 reddenda
2054 4091 2325 4170 ratione,
2372 4113 2413 4156 a
2474 4113 2603 4176 quo
2674 4089 2783 4154 de-

701 4193 876 4260 fectu
917 4193 1240 4260 immunes
1285 4197 1464 4276 sunt,
1511 4195 1574 4276 si⁴
1627 4195 1977 4282 superioris
2022 4195 2373 4282 vigilantia
2416 4195 2679 4260 vineam
2742 4217 2787 4260 a

701 4297 1118 4362 demolitione
1193 4299 1618 4366 conservavit.
1727 4299 2055 4366 Praeterea
2116 4321 2337 4362 nonne
2410 4299 2785 4384 hujusmodi

767 4653 778 4682 ²
815 4659 862 4704 et
881 4651 1042 4720 semel]
1083 4665 1180 4704 om.
1207 4651 1388 4704 C.c.c.
1859 4651 1878 4680 ³
1911 4665 2063 4702 nonne
2082 4651 2295 4718 necesse]
2334 4665 2429 4702 om.
2456 4651 2597 4700 Trin.

761 4737 784 4766 ⁴²
815 4735 1070 4802 continua]
1107 4733 1388 4796 constituta,
1413 4731 1592 4784 C.C.C.

2392 4827 2517 4876 CO
