3875 5734
777 993 808 1032 2
831 981 948 1036 Cor.
971 979 1082 1032 xiii.

773 1057 820 1106 3.

785 2011 912 2076 Eph.
923 2007 996 2058 111.
1015 2013 1036 2058 1
1047 2013 1090 2058 5.

1107 773 1236 838 406
1751 789 2061 842 Ronnn'ri
2090 791 2551 844 enossn'rns'rn

1107 991 1212 1036 me
1285 967 1566 1056 spernit.
1673 969 1764 1034 Et
1837 969 2191 1058 Apostolus
2264 969 2377 1048 ait,
2472 969 2597 1036 An
2670 971 3201 1056 emperimentum

1109 1071 1320 1140 vultis
1361 1071 1532 1158 Ejus
1577 1071 1704 1160 qui
1745 1071 1832 1140 in
1891 1095 1999 1142 ‘me
2060 1071 2417 1160 loquitur?
2504 1073 2825 1140 Similiter
2868 1073 3075 1160 igitur
3132 1077 3195 1140 et

1109 1179 1246 1242 alia
1319 1177 1550 1242 salutis
1643 1199 1834 1266 opera
1921 1201 2055 1244 non
2142 1177 2423 1266 episcopi
2490 1183 2663 1254 sunt,
2754 1177 2871 1264 qui
2930 1177 3193 1256 faciunt,

1109 1281 1226 1348 sed
1303 1277 1604 1348 Christus
1667 1281 1780 1370 qui
1851 1281 1926 1348 in
1998 1281 2091 1348 eis
2166 1287 2483 1370 operatur.
2592 1279 2775 1346 Licet
2846 1279 3053 1368 igitur
3122 1281 3193 1346 in

1111 1385 1554 1475 superioribus
1625 1387 1846 1452 verbis
1913 1386 2217 1474 Apostoli
2292 1385 2633 1474 castigatio
2698 1383 3001 1464 filiorum,
3064 1407 3191 1452 cor-

1109 1491 1340 1578 reptiO‚
1389 1495 1458 1556 et
1499 1491 1850 1578 flagellatio
1899 1491 2181 1556 Domino
2226 1491 2701 1568 attribuantur,
2742 1509 2877 1554 non
2918 1511 3037 1576 per
3076 1489 3193 1554 hoc

1111 1595 1198 1660 ab
1241 1593 1346 1660 his
1391 1593 1674 1680 episcopi
1713 1599 1934 1682 patres
1976 1593 2301 1680 spiritales
2344 1593 2799 1672 excluduntur,
2838 1593 2951 1660 sed
2994 1592 3191 1658 inclu-

1115 1699 1382 1778 duntur,
1431 1719 1580 1764 cum
1621 1697 1983 1762 imitatores
2040 1695 2167 1762 Dei
2212 1717 2349 1762 esse
2412 1695 2715 1776 debeant,
2770 1701 2837 1762 et
2880 1695 3039 1782 Ejus
3082 1719 3193 1782 per

1117 1801 1356 1882 omnia,
1403 1803 1720 1888 quantum
1767 1799 2073 1866 humanae
2116 1799 2465 1886 fragilitati
2510 1799 2819 1888 possibile
2864 1805 2979 1880 est,
3012 1801 3191 1888 sequi

1115 1905 1408 1992 vestigia.
1501 1903 1796 1992 Cumque
1825 1903 2105 1992 episcopi
2150 1911 2307 1972 sunt
2334 1909 2571 1992 patres,
2604 1927 2741 1970 non
2786 1905 2871 1970 ab
2914 1905 3189 1986 aliunde,

1115 2011 1232 2074 sed
1275 2009 1358 2072 ab
1405 2007 1622 2094 Ipsius
1663 2007 2079 2094 paternitate,
2130 2029 2207 2074 ecc
2252 2031 2379 2094 quo
2422 2007 2651 2076 manis
2684 2009 3069 2096 paternitas
3112 2009 3193 2076 in

1115 2109 1268 2178 coelo
1313 2115 1372 2178 et
1415 2109 1502 2178 in
1547 2117 1726 2178 101ηά
1787 2109 2211 2192 nominatur,
2262 2115 2331 2178 et
2374 2133 2599 2178 eorum
2646 2135 2817 2180 curae
2862 2113 3189 2196 commissi,

1115 2235 1250 2280 non
1317 2215 1580 2280 aliunde
1657 2237 1854 2302 quam
1919 2239 1959 2280 a
2022 2217 2411 2282 correlativa
2484 2217 2801 2284 filiatione
2876 2217 2961 2282 ad
3030 2217 3193 2282 hanc

1115 2317 1592 2406 paternitatem,
1659 2319 1961 2386 dieantur
2052 2341 2277 2386 eorum
2344 2319 2485 2400 filii,
2562 2319 2721 2406 quid
2794 2319 3191 2388 manifestius

1113 2443 1310 2508 quam
1355 2421 1532 2508 quod
1573 2421 1951 2508 hujusmodi
1992 2423 2115 2488 filii
2160 2445 2307 2488 cum
2350 2423 2729 2508 hujusmodi
2790 2427 3051 2510 patrum
3092 2447 3191 2490 10-

1115 2525 1364 2592 bellant
1409 2529 1478 2592 et
1519 2527 1838 2592 resistunt
1885 2527 2295 2614 correptioni,
2344 2527 2781 2614 castigationi,
2826 2531 2895 2594 et
2954 2549 3185 2594 correc-

1111 2631 1298 2712 tioni,
1345 2631 1666 2698 resistunt
1709 2631 1910 2698 etiam
1978 2635 2049 2696 et
2108 2629 2433 2696 rebellant
2478 2631 2619 2696 Deo
2678 2631 2865 2696 Patri
2926 2633 2999 2696 in
3054 2631 3187 2712 11οο,

1109 2757 1198 2802 ex
1241 2735 1428 2822 cujus
1489 2735 1910 2822 paternitatis
1972 2733 2313 2800 affluentia
2370 2735 2715 2822 recipiunt,
2762 2733 2937 2820 quod
2978 2741 3191 2822 patres

1113 2845 1270 2906 sunt
1315 2839 1610 2928 episcopi,
1703 2837 1866 2920 Quis
1909 2841 2099 2926 pater
2142 2837 2377 2904 videns
2436 2839 2649 2904 filium
2694 2859 2885 2904 suum
2928 2837 3189 2904 mitten·-

1115 2949 1250 3010 tem
1295 2965 1362 3008 se
1405 2943 1480 3008 in
1523 2943 1744 3030 ignem
1789 2947 1910 3008 aut
1974 2965 2213 3030 aquam
2288 2947 2409 3006 aut
2472 2943 2657 3008 aliud
2742 2943 2967 3008 mortis
3026 2943 3189 3030 peri-

1113 3047 1348 3126 culum,
1397 3069 1532 3114 non
1573 3045 1804 3114 statim
1837 3045 2119 3114 accurrit
2154 3047 2445 3132 ipsemet,
2478 3051 2547 3112 et
2590 3045 2871 3134 propriis
2898 3047 3189 3114 manibus

1115 3153 1604 3240 apprehendens
1649 3151 1930 3216 retrahit
1974 3155 2043 3216 et
2088 3153 2261 3216 eruit
2306 3173 2347 3216 a
2390 3151 2723 3238 periculo?
2812 3149 2905 3216 Et
2964 3151 3021 3216 si
3062 3155 3191 3216 tra-

1115 3255 1362 3320 diderit
1403 3255 1612 3320 filium
1661 3255 2039 3320 custodibus
2100 3253 2511 3334 servandum,
2560 3253 2861 3342 nunquid
2904 3255 3111 3318 filium
3152 3277 3189 3318 a

1109 3357 1396 3446 periculo
1485 3357 1768 3424 liberans
1855 3357 2213 3446 injuriatur
2300 3357 2675 3426 custodibus
2700 3355 2775 3422 ¹2
2892 3357 3191 3440 Quinimo

1111 3463 1412 3528 custodes
1457 3463 1740 3528 multum
1783 3463 2085 3551 injuriati
2130 3467 2287 3530 sunt
2328 3465 2505 3550 patri
2550 3469 2619 3530 et
2660 3461 3003 3552 punitione
3044 3465 3195 3528 sunt

1113 3567 1310 3656 digni,
1361 3567 1418 3632 si
1463 3591 1688 3634 eorum
1753 3567 2003 3634 incuria
2066 3573 2137 3634 et
2202 3567 2603 3656 negligentia
2652 3567 3193 3654 appropinquavit

1109 3671 1288 3738 filius
1331 3671 1560 3738 mortis
1617 3671 1920 3758 pericuIO,
1984 3677 2055 3738 et
2096 3671 2155 3738 si
2198 3693 2421 3738 eorum
2484 3671 2883 3758 negligentia
2922 3693 3057 3738 non
3098 3675 3193 3738 est

1113 3777 1200 3840 ab
1245 3775 1368 3840 hoc
1411 3781 1860 3864 pressei-vatus
1954 3775 2119 3858 Quae
2164 3777 2367 3840 etiam
2412 3781 2515 3842 est
2556 3781 2769 3842 mater
2808 3779 2925 3842 aut
2970 3777 3193 3842 nutrix

1111 3879 1338 3948 sedula
1405 3901 1566 3966 quae,
1635 3879 1690 3946 si
1751 3879 1995 3946 viderit
2066 3903 2343 3966 puerum
2416 3885 2769 3966 ponentem
2838 3885 3191 3968 serpentem

1109 3983 1186 4048 in
1259 3981 1478 4048 sinum
1553 4005 1766 4064 suum,
1841 4005 1977 4050 non
2046 3983 2363 4050 continuo
2428 3991 2721 4050 accurret
2778 3981 3053 4072 ipsamet
3116 3987 3193 4050 ut

1117 4087 1424 4154 extrahat
1487 4087 1724 4152 illum?
1829 4089 1924 4152 Et
1986 4093 2313 4174 quantum
2364 4093 2563 4176 putas
2630 4109 2803 4176 aegre
2864 4087 3071 4166 ferret,
3140 4087 3195 4152 si

1115 4191 1458 4278 quisquam
1525 4193 1892 4256 currentem
1966 4191 2053 4254 ad
2116 4191 2237 4254 hoc
2304 4191 2667 4256 retardaret
2738 4195 2857 4254 aut
2916 4191 3193 4258 currenti

1115 4295 1494 4362 obsisterit?
1581 4293 2045 4380 Quantumque
2148 4293 2481 4380 gauderet,
2588 4299 2991 4382 quantasque
3098 4317 3193 4360 re-

1117 4399 1316 4464 ferret
1361 4397 1622 4486 gratiaS,
1699 4399 1758 4464 si
1817 4399 2163 4484 quisquam
2224 4399 2421 4464 citius
2494 4403 2931 4486 praecurreret,
2994 4401 3065 4462 et
3126 4399 3193 4462 in

1115 4499 1454 4568 liberando
1495 4523 1772 4590 puerum
1813 4521 1856 4566 a
1895 4501 2187 4590 periculo
2228 4525 2379 4568 eum
2422 4499 2859 4590 praeveniret?

1613 4731 1634 4764 ¹
1665 4731 1949 4782 servandum
1992 4767 2005 4782 .
2040 4769 2053 4782 .
2088 4699 2115 4782 .-
2136 4729 2435 4798 custodibus]
2472 4747 2571 4782 om.
2596 4729 2775 4786 (LO-O.
