3875 5734
1019 831 1146 892 332
1661 845 1953 894 nonnam
2000 845 2455 894 Gnossn‘rnsrss

1019 1037 1136 1080 vos
1181 1015 1454 1102 repellat
1499 1015 1734 1102 aliquis
1779 1017 2151 1082 mundanus
2194 1017 2413 1096 timor,
2446 1037 2565 1080 nec
2590 1017 2889 1080 retrahat
2918 1041 3099 1082 mun-

1019 1119 1212 1182 dialis
1255 1139 1454 1184 amor.
1549 1117 1622 1184 Si
1667 1125 1888 1184 autem
1937 1119 2211 1184 salutem
2280 1119 2653 1182 animarum
2698 1119 2951 1204 operari
2990 1143 3105 1206 per
3188 1179 3191 1182 ,

1019 1221 1192 1286 hunc
1257 1221 1526 1288 modum
1589 1223 1941 1312 negligitis
2010 1245 2139 1310 qua
2206 1223 2441 1300 fronte,
2496 1219 2631 1286 imo
2678 1245 2809 1306 qua
2850 1219 3103 1288 insania

1017 1347 1164 1390 eam
1207 1325 1462 1412 operari
1505 1325 1628 1392 sub
1673 1331 1941 1392 aeternae
1986 1323 2545 1392 condemnationis
2590 1345 2793 1410 poena
2834 1347 3103 1410 spopon-

1019 1427 1226 1510 distis,
1303 1429 1670 1516 praesertim
1745 1451 1892 1494 cum
1968 1451 2099 1494 non
2174 1429 2261 1494 sit
2324 1427 2491 1492 alius
2576 1449 2721 1490 eam
2796 1427 3103 1512 operandi

1019 1533 1290 1598 modus}

1111 1635 1226 1700 Si¹
1277 1635 1426 1722 quis
1469 1641 1760 1698 vestrum
1807 1635 2093 1720 aliquem
2160 1655 2243 1698 ex
2312 1633 2581 1698 denario
2652 1631 2889 1698 diurno
2956 1653 3103 1698 con-

1021 1739 1206 1806 ducit
1277 1745 1358 1804 ut
1435 1737 1784 1824 quicquam
1857 1737 2071 1824 operis
2128 1737 2189 1802 ei
2266 1737 2479 1814 faciat,
2548 1757 2677 1822 quo
2742 1759 2877 1800 non
2938 1733 3103 1800 facto

1019 1843 1334 1906 damnum
1399 1841 1754 1906 sustinebit
1817 1839 2295 1920 inaestimabile,
2358 1839 2473 1904 sed
2496 1839 2523 1876 2
2582 1839 2941 1904 conductus
2996 1839 3105 1902 ille

1019 1945 1106 2008 ab
1145 1965 1334 2030 opere
1363 1947 1664 2028 torpeat3
1709 1965 1926 2008 nonne
1974 1943 2251 2028 quilibet
2296 1947 2593 2006 vestrum
2638 1947 2709 2006 et
2752 1941 3101 2006 mercedem

1019 2047 1082 2112 ei
1125 2045 1480 2124 subtrahet,
1529 2049 1598 2110 et
1643 2045 1868 2110 damni
1927 2067 2013 2110 ex
2072 2045 2275 2132 ipsius
2340 2045 2745 2132 negligentia
2812 2045 3109 2132 proveni-

1021 2149 1196 2214 entis
1261 2147 1748 2212 restitutionem
1819 2149 2087 2234 exiget?
2204 2147 2551 2234 Numquid
2624 2171 2761 2214 non
2826 2171 2865 2214 a
2910 2149 3109 2230 ¹vobis

1019 2251 1242 2338 exiget
1305 2251 1484 2316 Deus
1547 2251 1726 2336 quod
1767 2273 1886 2332 vos
1933 2273 1975 2316 a
2016 2251 2255 2316 vestris
2302 2253 2631 2316 conservis
2676 2253 2785 2316 vel
2828 2251 3107 2316 subditis

1019 2355 1504 2418 rationabiliter
1533 2355 1844 2442 exigitis?
1935 2355 2259 2418 Dominus
2304 2355 2353 2418 J
2356 2377 2503 2418 esus
2550 2355 2969 2442 semetipsum
3000 2355 3105 2420 de-

1019 2457 1126 2522 dit
1169 2479 1286 2544 pro
1331 2455 1680 2544 cujuslibet
1725 2459 1965 2526 animae
2012 2459 2227 2524 salute
2256 2483 2271 2538 3
2320 2481 2457 2522 non
2484 2459 2833 2524 salvantur
2874 2463 3105 2538 tamen,

1021 2561 1152 2626 nisi
1199 2561 1312 2646 qui
1357 2561 1722 2648 passionem
1769 2561 1987 2648 Ipsius
2032 2561 2357 2626 veraciter
2402 2563 2691 2640 credunt,
2740 2567 2811 2626 et
2854 2563 3109 2628 creden-

1019 2669 1120 2730 tes
1163 2665 1496 2752 diligunt3
1541 2665 1730 2730 vobis
1761 2671 1985 2730 autem
2016 2665 2169 2752 Ipse
2212 2685 2479 2752 peregre
2526 2665 2865 2750 profectus
2900 2671 2967 2730 et
2994 2687 3111 2730 nos

1021 2767 1096 2832 in
1161 2767 1314 2856 Ipso
1389 2791 1614 2832 curam
1691 2769 2125 2834 commisimus
2202 2769 2625 2832 convertendi
2688 2769 2955 2848 animaS,
3000 2789 3113 2854 per

1025 2871 1244 2958 qualia
1289 2895 1486 2960 supra
1547 2871 1904 2958 tetigimus,
1956 2871 2041 2938 ad
2088 2871 2305 2958 Ipsius
2334 2871 2533 2936 fidem
2564 2877 2631 2936 et
2664 2871 3111 2954 dilectionem3

1025 2983 1106 3040 ut
1149 2975 1238 3040 sic
1281 2977 1680 3062 participent
1727 2977 1878 3042 Suae
1946 2975 2265 3062 passionis
2334 2977 2653 3054 effectum,
2720 2981 2787 3040 et
2854 2997 2985 3038 non
3026 2975 3111 3040 sit

1029 3101 1202 3144 mors
1269 3077 1490 3164 Ipsius
1565 3081 1780 3164 quoad
1853 3081 2027 3166 ipsas
2088 3079 2349 3144 frustra.
2486 3077 2561 3142 Si
2624 3079 2833 3164 igitur
2884 3077 3113 3164 aliquae

1031 3183 1268 3246 animae
1315 3203 1486 3246 curae
1531 3187 1768 3246 vestrae
1815 3183 2187 3260 commissae,
2220 3181 2457 3246 effectu
2486 3181 2805 3268 passionis
2834 3181 3111 3260 Domini,

1031 3285 1104 3348 id
1171 3289 1288 3364 est,
1361 3291 1608 3350 {eterna
1651 3285 1878 3366 salute,
1925 3307 2039 3372 per
2082 3291 2369 3350 vestram
2392 3285 2419 3322 ‘⁰'
2480 3291 2739 3350 careant
2784 3285 3111 3372 negligen-

1031 3391 1212 3468 tiam,
1259 3387 1520 3456 nonne4
1567 3395 1844 3454 mortem
1877 3387 2125 3456 Christi
2172 3389 2387 3476 quoad
2416 3389 2565 3454 illas
2592 3389 2857 3454 inanem
2884 3387 3109 3468 facitis

1027 3493 1524 3578 completionem
1589 3515 1844 3580 quoque
1909 3495 2169 3558 numeri
2232 3493 2691 3558 salvandorum
2746 3491 3105 3570 retardatis

1027 3603 1096 3662 ct
1143 3597 1232 3660 sic
1277 3597 1644 3684 generalem
1691 3603 2097 3660 mortuorum
2160 3597 2697 3662 resurrectionem
2758 3597 3107 3682 mundique

1025 3701 1536 3776 innovationem,
1595 3699 1916 3786 judicium
1986 3705 2371 3780 extremum,
2438 3705 2505 3766 et
2550 3723 2823 3786 regnum
2866 3701 2949 3766 ab
2990 3701 3111 3766 ori·

1025 3803 1178 3890 gine
1223 3803 1458 3868 mundi
1501 3803 1712 3868 beatis
1755 3809 2217 3890 praeparatum,
2284 3809 2605 3888 quantum
2650 3803 2721 3868 in
2766 3803 2951 3870 vobis
2992 3809 3105 3880 est,

699 3921 838 3972 Rom·
863 3921 968 3974 viii.
1029 3907 1444 3996 prolongatis
1477 3913 1544 3972 et
1575 3907 1664 3972 sic
1701 3905 1894 3972 omni
1923 3915 2241 3972 creature&
2272 3929 2419 3992 quae
2448 3905 2835 3994 ingemiscit
2862 3915 2925 3972 et
2946 3931 3103 3994 par·

695 3995 774 4040 ²²·
1031 4011 1204 4080 tum
1223 4035 1432 4100 usquc
1463 4011 1700 4090 (adhuc,
1733 4011 2199 4078 revelationem
2244 4010 2533 4078 filiorum
2566 4013 2693 4080 Dei
2736 4019 3099 4100 expectans,

1027 4117 1474 4202 injuriamini2
1565 4113 1654 4180 Et
1723 4137 1868 4200 quae
1940 4137 2073 4180 esse
2134 4119 2353 4202 potest
2420 4117 2791 4202 expectatio
2854 4117 3095 4194 talium,

697 4235 810 4298 Sap.
831 4235 934 4284 xvi.
1025 4221 1154 4284 nisi
1199 4219 1374 4304 quod
1415 4225 1726 4284 crea-tuma
1771 4217 2047 4284 Fac-tori
2088 4241 2209 4284 sao
2240 4219 2613 4284 deserviens
2688 4221 3099 4302 excandescat

697 4307 776 4354 24.
1025 4323 1110 4388 ἐἰη
1139 4329 1550 4386 tormentum
1583 4321 1902 4386 (alversio-s
1950 4323 2167 4410 ipsos?
2256 4321 2347 4386 Et
2392 4323 2711 4408 quomodo
2758 4323 3099 4386 sustinebit

1035 4537 1374 4542 -..---....-.-—...--—-..-
1383 4537 1664 4542 ..-..-..-..--.....-.....
1675 4537 1776 4542 ..κη-...ι
1785 4537 1914 4542 ...-..-..--.
1925 4537 1945 4542 -.
1954 4535 2291 4542 ......-....—-.—.—--.·„--..-
2298 4535 2579 4542 ————.—...—--
2586 4537 2639 4542 .---
2646 4537 2753 4542 ...-.——
2762 4537 2913 4542 .*-..-.--
2930 4537 2997 4542 -.-...
3010 4537 3067 4542 ..-....
3074 4537 3095 4542 -.

1101 4683 1112 4712 ¹
1153 4683 1238 4746 Si]
1277 4699 1374 4732 om.
1399 4683 1580 4734 C.C.C.
2190 4685 2207 4712 ³
2240 4683 2469 4746 cestram]
2508 4699 2601 4732 om.
2628 4683 2805 4734 (LOC-

1097 4767 1116 4794 ’³
1155 4763 1276 4830 Sca]
1307 4763 1364 4828 si,
1387 4767 1486 4814 Ox·
2190 4767 2201 4794 ¹
2238 4763 2417 4814 Quo.
2442 4763 2617 4814 inserts
2640 4771 2799 4812 morce-
