3875 5734
1055 817 1188 884 366
1721 827 2015 878 Rom-tim
2058 815 2517 878 dnossn’rnsrn

1061 1005 1146 1072 In
1187 1005 1566 1094 hujusmodi
1627 1005 1838 1094 igitur
1901 1005 2343 1094 potestatibus
2410 1005 2831 1072 inferioribus
2898 1005 3162 1092 suscipi-

1063 1111 1328 1178 entibus
1401 1111 1470 1176 id
1545 1109 1894 1196 potestatis
1972 1111 2147 1196 quod
2220 1109 2469 1176 habent
2544 1131 2679 1174 non
2746 1131 2787 1174 a
2848 1111 3163 1196 superiori

1061 1217 1392 1302 potestate
1457 1213 1860 1296 immediata,
1933 1215 2049 1280 sed
2116 1235 2155 1278 a
2220 1213 2529 1292 mediata,
2600 1215 2823 1300 potest
2880 1215 3161 1280 accidere

1065 1317 1242 1404 quod
1305 1317 1558 1404 aliquid
1623 1317 1836 1404 possit
1899 1317 2017 1382 illa
2082 1323 2373 1406 potestas
2448 1315 2719 1382 inferior
2784 1317 2959 1404 quod
3028 1339 3159 1384 non

1065 1421 1272 1510 possit
1337 1423 1454 1486 illa
1521 1443 1668 1508 quae
1735 1423 1862 1488 sibi
1931 1427 2031 1486 est
2096 1421 2477 1486 immediate
2544 1419 2849 1508 superior.
2940 1421 3163 1490 Potest

1067 1523 1244 1590 enim
1289 1525 1430 1612 ipsa
1473 1529 1766 1614 potestas
1813 1523 2109 1612 superior
2152 1523 2445 1590 mediata
2490 1523 2573 1590 de
2618 1545 2753 1590 81130
2814 1527 3159 1610 potestatis

1069 1629 1478 1694 abundantia
1541 1629 1832 1694 tribuere
1883 1627 2197 1706 inferiori,
2258 1629 2437 1714 quod
2502 1649 2641 1694 non
2706 1627 2943 1692 tribuit
2990 1627 3157 1714 ejus-

1071 1731 1222 1798 dem
1283 1731 1608 1798 inferioris
1699 1731 2083 1796 immediato
2178 1731 2511 1818 superiori.
2634 1731 2721 1798 In
2786 1731 3157 1818 hujusmodi

1069 1837 1280 1922 igitur
1337 1857 1468 1902 non
1515 1841 1616 1902 est
1673 1835 1999 1900 instantia
2064 1839 2291 1902 contra
2354 1835 2429 1900 id
2490 1835 2673 1922 quod
2718 1835 3159 1924 supradictum

1073 1945 1186 2018 est,
1259 1939 1580 2016 videlicet,
1655 1939 1832 2022 quod
1889 1939 2205 2024 quicquid
2262 1943 2481 2026 potest
2526 1943 2827 2026 potestas
2876 1939 3153 2020 inferior,

1073 2047 1290 2130 potest
1385 2043 1698 2130 superior,
1785 2041 1902 2106 sed
1992 2065 2125 2108 non
2224 2043 2649 2110 convertitur.
2772 2043 3147 2130 Intelh'gen-

1075 2145 1236 2210 dum
1319 2149 1418 2210 est
1513 2145 1692 2210 enim
1783 2145 1908 2210 11οο
1998 2145 2081 2212 de
2178 2145 2295 2210 illa
2328 2145 2347 2184 ¹
2426 2145 2775 2232 potestate
2844 2147 3157 2232 superiori

1071 2253 1368 2336 respectu
1427 2271 1562 2316 81130
1619 2247 1947 2316 inferioris
2000 2271 2147 2334 quae
2208 2249 2503 2316 inferiori
2562 2249 2803 2316 tribuit
2856 2251 2929 2316 id
2986 2251 3157 2336 quod

1069 2351 1268 2418 habet
1313 2351 1674 2440 potestatis.
1765 2353 2043 2440 Propter
2108 2353 2229 2420 hoc
2304 2353 2509 2440 aliqui
2584 2353 2787 2418 etiam
2850 2355 3159 2442 episcopis

1071 2457 1318 2524 subditi
1409 2461 1684 2544 possunt
1763 2459 1938 2544 quod
1984 2479 2121 2524 non
2186 2461 2467 2544 possunt
2538 2457 2841 2546 episcopi,
2930 2463 3159 2544 utpote

731 2597 788 2634 or
803 2583 978 2634 abbats
995 2583 1054 2632 of
1071 2565 1286 2646 patres
1333 2561 1604 2628 abbates
1649 2561 2099 2628 Cisterciensis
2142 2561 2389 2628 ordinis
2452 2565 2727 2646 possunt
2790 2583 2935 2626 suas
2992 2561 3159 2626 filias

733 2651 1014 2770 ffgffseggian
1071 2663 1298 2730 domos
1341 2665 1622 2746 visitare,
1677 2665 1852 2752 quod
1895 2669 2123 2730 tamen
2178 2687 2319 2730 non
2358 2669 2633 2754 possunt
2680 2665 2971 2752 episcopi,
3018 2665 3157 2750 qui-

1067 2769 1194 2836 bus
1265 2769 1368 2832 illi
1439 2769 1712 2834 abbates
1779 2775 1936 2834 sunt
1998 2769 2265 2848 subditi,
2314 2773 2547 2856 utpote
2602 2769 2841 2854 quibus
2902 2769 2975 2832 in
3042 2791 3159 2834 sua
3278 2837 3285 2846 ,

1067 2871 1520 2937 benedictione
1585 2871 1989 2960 promittunt
2054 2871 2433 2938 canonicam
2494 2871 2937 2936 obedientiam
2978 2871 3161 2936 salvo

735 2987 840 3038 But
859 2987 960 3066 thfs
979 2987 1024 3038 is
1071 2975 1298 3042 ordine
1373 2997 1502 3044 suo,
1629 2975 1920 3042 Indulsit
1996 2977 2171 3042 enim
2244 2975 2369 3042 hoc
2444 2975 2661 3042 ordini
2750 2973 3159 3042 Cisterciensi

735 3057 982 3186 ἓΐξξῇἓξὲ
1071 3083 1364 3166 potestas
1451 3081 1742 3168 superior
1817 3081 2145 3168 episcopis
2238 3079 2481 3146 scilicet
2588 3079 2889 3144 dominus
2962 3081 3157 3168 Papa,

735 3187 888 3252 given
909 3189 980 3254 by
1073 3183 1188 3268 qui
1231 3205 1380 3248 cum
1423 3183 1516 3248 eis
1559 3183 1682 3248 1100
1727 3183 1967 3248 tribuit
2014 3205 2081 3248 80
2122 3183 2341 3270 ipsum
2386 3183 2469 3248 ab
2500 3183 2623 3250 hoc
2668 3205 2805 3248 non
2848 3183 3159 3264 exclusit3

735 3253 822 3306 the
845 3255 954 3320 Pop
955 3273 1000 3308 θ’
1067 3291 1286 3374 potest
1361 3285 1538 3354 enirn
1609 3287 1748 3374 ipse
1823 3287 2217 3352 monasteria
2282 3287 2505 3352 omnia
2550 3287 2835 3354 visitare.
2924 3287 3157 3376 Igitur,

1067 3389 1424 3456 secundum
1489 3391 2015 3478 consequentiam
2106 3391 2583 3480 praedictorum,
2678 3393 3009 3480 episeopus
3086 3393 3157 3456 in

1067 3517 1288 3562 omnes
1355 3495 1502 3582 jure
1567 3495 1928 3562 dioecesano
1984 3495 2113 3562 sibi
2178 3495 2503 3582 subjectos
2570 3499 2789 3582 potest
2854 3499 2923 3560 et
2966 3495 3159 3562 debet

1067 3621 1368 3666 exercere
1409 3597 1808 3666 visitationis
1853 3599 2151 3680 officium,
2200 3599 2621 3684 omniumque
2674 3599 3051 3688 corrigenda
3090 3603 3159 3664 et

1067 3703 1484 3768 reformanda
1525 3703 1844 3792 corrigere
1907 3707 1981 3770 et
2044 3701 2411 3786 reformare,
2460 3705 2877 3790 omniumque
2940 3725 3161 3770 causas

1069 3831 1294 3874 omnes
1359 3811 1576 3894 potest
1641 3807 1722 3874 de
1789 3829 1906 3872 sua
1972 3810 2295 3894 potestate
2362 3807 2741 3888 discindere,
2786 3807 2941 3872 licet
2994 3807 3159 3872 forte

1071 3911 1156 3976 ad
1201 3933 1310 3978 eas
1373 3933 1592 3976 01111108
1659 3909 2129 3976 descindendas
2190 3931 2325 3974 non
2388 3909 2599 3996 possit
2642 3909 2817 3974 solus
2860 3909 3157 3978 sufficere.

1073 4015 1358 4102 Ideoque
1431 4013 1672 4080 habeat
1745 4015 1830 4080 de
1913 4035 2033 4080 sua
2118 4017 2445 4100 potestate
2526 4013 2991 4100 participantes
3058 4035 3157 4080 co-

1071 4119 1406 4205 adjutores
1467 4119 1538 4182 in
1601 4119 2049 4206 supportando
2112 4117 2235 4182 hoc
2304 4137 2513 4200 onere,
2584 4117 2699 4204 qui
2740 4117 2869 4204 maj
2878 4137 2991 4182 ora
3048 4123 3115 4182 et
3132 4117 3157 4152 ²

1071 4223 1376 4310 graviora
1457 4223 1676 4288 omnia
1735 4227 1808 4288 et
1869 4221 2385 4288 universitatum
2448 4223 2715 4308 negotia
2776 4221 3013 4288 debent
3074 4221 3157 4286 ad
3224 4245 3241 4272 ν

1067 4329 1286 4412 ipsum
1327 4325 1604 4406 referre3
1637 4325 1768 4392 nisi
1793 4323 1967 4420 forte
2010 4325 2257 4392 fuerint
2300 4327 2425 4392 sub
2468 4327 2765 4414 episcopo
2808 4329 3159 4412 potestates

967 4457 972 4464 ·
1071 4431 1308 4516 aliquae
1371 4451 1412 4494 a
1475 4429 1794 4518 superiori
1857 4431 2185 4516 potestate
2228 4449 2427 4514 quam
2488 4429 2579 4494 sit
2592 4427 2619 4466 ³
2678 4427 3025 4516 episcopus,
3086 4427 3157 4492 id

1137 4675 1152 4706 ¹
1187 4671 1302 4742 illa]
1343 4689 1438 4724 om.
1459 4673 1602 4724 Trin.
1627 4673 1728 4726 Ox.
2232 4677 2251 4706 ³
2284 4673 2379 4742 sit]
2396 4647 2399 4650 .
2418 4673 2589 4740 simul,
2610 4671 2751 4726 Trin.

1137 4757 1158 4788 ²
1189 4755 1262 4822 et]
1299 4771 1396 4808 om.
1419 4753 1564 4806 Trin.
