3875 5734
771 3797 794 3846 1
821 3795 954 3850 Sam.
981 3813 1068 3854 xv.

761 3867 840 3914 23.

1099 785 1232 858 430
1743 793 2039 850 ΒΟΒΕΒΤΙ
2082 795 2545 846 enossErEsrn

1099 975 1490 1062 promissum
1555 971 1868 1062 episcop0‚
1937 977 2187 1062 quanto
2250 971 2459 1060 magis
2520 975 2835 1038 tenentur
2900 973 2961 1038 ei
3034 973 3177 1040 obe-

1101 1079 1370 1144 dientiae
1415 1077 1652 1144 debito.
1741 1079 1818 1144 Si
1883 1079 2061 1146 enim
2120 1078 2289 1150 illud
2356 1077 2535 1164 quod
2594 1079 2813 1144 minus
2882 1083 2979 1144 est
3036 1085 3181 1166 eget

1097 1183 1286 1272 signo
1331 1191 1398 1248 et
1441 1181 1850 1248 firmamento
1909 1207 1995 1250 ne
2056 1183 2389 1256 aberretur
2430 1181 2517 1248 ab
2562 1203 2655 1262 e0‚
2702 1180 2913 1248 multo
2954 1181 3183 1250 fortius

1097 1287 1186 1368 id,
1235 1287 1412 1374 quod
1477 1287 1688 1376 magis
1751 1293 1864 1368 est,
1915 1293 1983 1356 et
2046 1311 2087 1354 a
2150 1311 2277 1374 quo
2344 1287 2767 1374 periculosius
2830 1287 3177 1368 aberratur,

1097 1395 1248 1480 eget
1277 1391 1460 1480 signo
1507 1397 1576 1458 et
1609 1395 2025 1458 firmamento
2068 1415 2151 1458 ne
2196 1395 2535 1458 aberretur
2576 1391 2661 1458 ab
2706 1413 2797 1458 eo,
2892 1391 3179 1478 Cumque

1097 1497 1298 1566 etiam
1341 1497 1550 1582 magis
1593 1497 1766 1584 patri
1811 1501 1880 1560 et
1923 1495 2271 1582 praeposito
2340 1499 2409 1560 et
2468 1493 2829 1560 sublimiori
2874 1497 3179 1582 potestati

1095 1599 1304 1686 major
1345 1599 1662 1666 debeatur
1705 1597 2097 1678 obedientia,
2144 1621 2277 1664 non
2310 1603 2411 1662 est
2454 1599 2677 1664 minus
2718 1599 2897 1686 patri
2940 1599 3175 1664 minus-

1095 1725 1220 1788 que
1265 1705 1616 1792 praeposito
1679 1707 1748 1768 et
1813 1701 2033 1768 minus
2076 1701 2339 1768 sublimi
2400 1703 2721 1790 potestati
2748 1701 2767 1738 ¹
2816 1701 3177 1768 obedientia

1085 1805 1370 1892 juranda
1415 1829 1528 1872 seu
1555 1803 2017 1894 promittenda,
2060 1803 2193 1870 nisi
2234 1805 2419 1872 salva
2454 1805 2827 1872 obedientia
2870 1805 3177 1894 superiori
3226 1819 3233 1824 ·

1093 1911 1332 1974 debita.
1425 1911 1764 1990 Praeterea,
1811 1913 1892 1974 ut
1956 1909 2349 1994 praedictum
2418 1916 2535 1992 est,
2598 1911 2811 1998 magis
2874 1915 3177 1976 tenentur

1095 2013 1376 2080 decanus
1423 2017 1492 2078 et
1535 2011 1826 2076 canonici
1871 2011 2133 2078 obedire
2202 2013 2497 2100 episeopo
2568 2035 2769 2100 quam
2832 2017 3179 2078 teneantur

1095 2115 1386 2182 canonici
1451 2115 1708 2180 obedire
1785 2115 2071 2198 decan03
2140 2139 2289 2204 ergo
2334 2115 2759 2204 periculosius
2826 2123 3075 2182 erratur
3138 2139 3173 2182 a

1093 2219 1434 2298 canonicis,
1483 2219 1540 2284 si
1583 2219 1852 2286 credant
1919 2243 1987 2286 se
2054 2241 2191 2286 non
2258 2223 2489 2286 debere
2556 2223 2993 2286 obedientiam
3046 2221 3175 2308 epi-

1093 2347 1286 2412 scopo
1329 2323 1436 2388 vel
1479 2323 1784 2412 ignorent
1815 2345 1882 2388 se
1927 2325 2183 2406 debere,
2230 2347 2425 2412 quam
2472 2325 2531 2388 si
2574 2325 2909 2390 crederent
2950 2347 3015 2390 se
3042 2345 3175 2388 non

1093 2427 1328 2492 debere
1379 2425 1862 2496 obedientiam2
1917 2429 2159 2494 decano
2222 2427 2329 2494 vel
2380 2429 2761 2516 ignorarent
2806 2451 2873 2494 se
2932 2429 3173 2494 debere.

1097 2531 1272 2618 Ergo
1313 2535 1394 2596 ut
1435 2531 1708 2598 tollatur
1751 2531 2131 2620 hujusmodi
2182 2555 2359 2598 error
2424 2537 2493 2598 et
2538 2533 2925 2620 ignorantia,
2972 2531 3173 2618 magis

1095 2637 1538 2724 praestandum
1585 2639 1684 2700 est
1727 2641 2205 2702 sacramentum
2236 2659 2349 2700 seu
2378 2637 2765 2722 promissum
2794 2635 3173 2700 obedientiae

1097 2739 1434 2806 servandae
1479 2739 1772 2826 episeopo
1817 2761 1858 2804 a
1911 2739 2155 2806 decano
2220 2743 2291 2804 et
2356 2739 2697 2820 canonicae,
2764 2763 2955 2826 quam
3012 2761 3171 2826 prae-

1099 2845 1406 2910 standum
1451 2843 1540 2910 sit
1583 2865 1626 2908 a
1667 2843 1991 2910 canonicis
2036 2843 2291 2910 decano,
2372 2843 2531 2908 Fuit
2560 2847 2785 2910 autem
2810 2841 3177 2928 hujusmodi

1101 2969 1280 3012 error
1367 2969 1480 3012 seu
1569 2947 1941 3034 ignorantia
1962 2943 1989 2982 ³
2060 2949 2135 3012 in
2208 2947 2535 3012 canonicis
2638 2947 2973 3032 aliquibus,
3064 2945 3175 3030 qui

1097 3073 1278 3118 error
1303 3051 1414 3118 vel
1455 3073 1602 3140 quae
1645 3051 2019 3138 ignorantia
2062 3075 2197 3118 non
2242 3051 2505 3118 aliunde
2550 3051 2915 3118 habuerunt
2958 3053 3173 3116 ortum

1097 3157 1226 3222 nisi
1291 3177 1376 3222 ex
1437 3177 1530 3236 e0‚
1577 3157 1748 3242 quod
1811 3159 2167 3242 praestatur
2240 3177 2281 3222 a
2342 3155 2665 3222 canonicis
2708 3159 3173 3220 sacramentum

1099 3281 1214 3324 seu
1257 3259 1642 3348 promissum
1685 3259 2075 3324 obedientiae
2130 3259 2373 3324 decano
2418 3263 2485 3324 et
2528 3281 2663 3324 non
2708 3259 3011 3348 episcopo,
3102 3257 3173 3324 Si

1095 3363 1304 3450 igitur
1343 3385 1460 3450 per
1503 3363 1622 3428 hoe
1665 3363 1838 3450 quod
1883 3385 2017 3428 non
2050 3363 2507 3450 praestiterunt
2548 3367 3019 3430 sacramentum
3062 3383 3173 3426 seu

1093 3465 1484 3554 promissum
1557 3465 1945 3534 obedientiae
2010 3467 2323 3552 episeop0‚
2382 3467 2757 3532 inciderunt
2820 3467 2893 3530 in
2958 3465 3173 3552 hujus·

1093 3571 1274 3636 modi
1317 3591 1598 3636 errorem
1615 3567 1644 3606 4
1685 3573 1792 3636 vel
1851 3571 2291 3660 ignorantiam
2360 3571 2627 3658 quidam
2694 3573 2775 3638 de
2836 3571 3169 3650 canonicis„

1095 3697 1180 3740 ex
1225 3675 1460 3762 quibus
1505 3697 1716 3742 errore
1777 3675 1886 3742 vel
1944 3673 2319 3762 ignorantia
2378 3675 2765 3762 pervenitur
2806 3675 2913 3742 vel
2956 3675 3171 3764 proxi-

1095 3801 1278 3844 mum
1337 3783 1438 3846 est
1499 3785 1578 3846 ut
1639 3779 2061 3868 perveniatur
2104 3781 2189 3846 ad
2246 3779 2797 3866 repuynandum,
2844 3777 3019 3868 quod
3084 3785 3171 3846 est

985 3903 992 3910 ·
1093 3881 1298 3968 quasi
1331 3891 1680 3968 peceatum
1739 3883 2097 3950 ariolandi
2148 3889 2265 3950 aut
2286 3881 2313 3920 ¹⁵
2356 3885 2533 3950 ‘nolle
2596 3883 2931 3972 quiescere,
3000 3881 3171 3972 quod

1093 3993 1184 4052 est
1229 3987 1430 4074 quasi
1473 3987 1682 4054 scelus
1749 3987 2199 4066 idololatriae,
2244 3987 2567 4074 quomodo
2630 4011 2763 4056 non
2828 3993 2929 4056 est
2972 4011 3173 4056 saera-

1091 4095 1388 4156 mentum
1405 4087 1432 4126 ⁶
1507 4091 1932 4158 obedientiae·
1986 4093 2435 4180 praestandum
2508 4091 2823 4182 episcop0‚
2898 4097 2979 4158 ut
3062 4113 3173 4180 per

1157 4407 1174 4440 ¹
1205 4409 1360 4478 major
1391 4447 1404 4462 .
1439 4447 1454 4462 .
1481 4410 1736 4479 potestati]
1775 4425 1872 4462 om.
1905 4409 2083 4464 dcc.
2244 4413 2265 4442 ³
2298 4413 2503 4476 C.C'.C.,
2532 4411 2673 4462 Trin.
2698 4413 3063 4478 insertsfuerz‘t.

1157 4489 1178 4518 ²
1211 4491 1352 4542 Trin.
1375 4499 1568 4554 repeats
1589 4493 1808 4560 episcopo
1839 4529 1854 4544 .
1887 4529 1898 4542 .
1933 4527 1951 4544 .
1980 4491 2085 4542 obe·
2246 4485 2265 4514 ⁴
2296 4491 2529 4558 errorem]
2568 4509 2663 4542 om.
2692 4491 2871 4544 C.C.O.

1091 4567 1332 4622 dientiam.
1423 4569 1634 4640 dccv
1681 4577 1880 4638 repeats
1937 4587 2083 4636 quam
2242 4571 2261 4600 ⁵
2292 4571 2405 4638 aut]
2442 4573 2523 4632 ad,
2562 4569 2781 4632 C.C.c.;
2814 4577 2865 4620 et
2906 4573 2985 4634 ad,
3020 4569 3175 4644 Tria,

1091 4685 1110 4704 .
1137 4689 1150 4702 .
1175 4689 1188 4704 .
1211 4651 1426 4712 decatum
1479 4653 1596 4716 014,
1617 4657 1760 4718 quam
1781 4691 1796 4706 .
1821 4689 1834 4704 .
1859 4691 1872 4704 .
1897 4651 2081 4716 debere,
2178 4649 2301 4702 Ox.⁴

1089 4731 1180 4786 but
1203 4731 1484 4798 Gaseoigne
1505 4731 1598 4782 has
1619 4733 1870 4786 corrected
1889 4733 1943 4784 it.
2244 4731 2265 4760 ⁰
2298 4737 2371 4780 est
2390 4729 2771 4794 sacramentum]
2812 4743 2907 4778 om.
2932 4727 3069 4778 Trin.
3100 4731 3117 4796 j
