3875 5734
1129 795 1254 860 134
1769 813 2061 860 Rossrm'rt
2106 811 2565 860 GnossE'rEs'rE

1123 993 1344 1058 totum
1385 993 1742 1080 igniculum
1781 997 2019 1060 nostrae
2066 989 2433 1058 dilectionis
2476 989 2819 1072 effundere,
2866 989 3041 1078 cujus
3084 993 3183 1058 de-

1127 1099 1352 1164 siderii
1409 1101 1802 1168 oblationem
1865 1099 2147 1188 benigne
2214 1119 2529 1188 rogamus,
2592 1095 2897 1184 suscipiat
2962 1103 3183 1164 vestrae

1123 1203 1414 1270 caritatis
1481 1205 1832 1286 humilitas
1915 1227 2063 1272 cum
2130 1207 2249 1272 hac
2310 1203 2637 1270 oblatione
2698 1203 2795 1268 nil
2856 1201 3185 1268 habeamus

1123 1309 1298 1394 quod
1347 1309 1688 1378 offeramus
1753 1311 2115 1398 pretiosius,
2220 1309 2331 1376 Ad
2376 1309 2529 1388 haec,
2578 1309 2733 1396 quia
2772 1311 2991 1374 nostra
3030 1309 3177 1374 dioe-

1121 1413 1282 1480 cesis
1329 1413 1620 1502 qualibet
1687 1417 1814 1482 alia
1873 1415 1945 1480 in
2008 1437 2209 1502 regno
2268 1413 2531 1500 Angliae
2592 1413 2949 1478 constituta
2986 1415 3179 1478 multo

1121 1519 1316 1584 latior
1385 1525 1484 1586 est
1551 1527 1618 1588 et
1687 1521 1938 1608 copiosa
2000 1521 2211 1608 plebis
2270 1517 2699 1584 multitudine
2764 1517 3075 1606 repletior,
3116 1523 3177 1584 et

1121 1623 1266 1690 ideo
1311 1647 1430 1690 nos
1475 1625 1656 1710 plure
1701 1629 1768 1692 et
1813 1623 2157 1690 efficaciore
2188 1623 2553 1710 indigemus
2596 1621 2853 1702 auxilio,
2900 1623 2971 1688 in
3008 1622 3179 1689 verbi

1121 1727 1250 1794 Dei
1293 1727 1764 1818 praedicatione,
1831 1729 2299 1794 confessionum
2364 1727 2715 1808 auditione,
2784 1727 3177 1814 poenitentia-

1121 1857 1268 1898 rum
1337 1833 1752 1918 injunctione,
1823 1857 1941 1898 nec
2000 1833 2087 1898 ad
2146 1833 2287 1900 haec
2350 1839 2417 1898 et
2480 1833 2851 1918 hujusmodi
2892 1833 3175 1898 novimus

1123 1941 1262 2004 tam
1325 1937 1604 2004 efficaces
1671 1939 2071 2024 coadjutores
2116 1945 2195 2004 ut
2238 1937 2467 2004 fratres
2518 1941 2787 2018 vestros,
2834 1937 2917 2004 ad
2958 1941 3177 2004 vestrae

1121 2041 1550 2130 benignitatis
1625 2041 1820 2130 pedes
1891 2043 2081 2130 proni
2154 2043 2501 2130 provoluti,
2580 2065 2773 2130 quam
2856 2065 3175 2130 possumus

1123 2145 1356 2212 humili
1415 2147 1758 2212 devotione
1805 2147 2253 2234 supplicamus,
2304 2151 2373 2214 et
2416 2145 2787 2232 adjuramus
2828 2169 2941 2234 per
2980 2169 3171 2236 asper-

1123 2253 1370 2318 sionem
1435 2253 1766 2340 sanguinis
1831 2251 2099 2318 Domini
2164 2253 2369 2318 nostri
2434 2251 2479 2316 J
2484 2275 2595 2318 esu
2662 2251 2919 2332 Christi,
2970 2257 3035 2316 et
3074 2275 3177 2340 per

1121 2357 1626 2446 compassionem
1693 2379 1828 2424 suae
1873 2357 2259 2424 dulcissimae
2304 2357 2529 2424 matris
2574 2381 2703 2444 qua
2742 2355 3047 2424 transfixa
3086 2361 3177 2424 est

1121 2469 1342 2530 astans
1407 2461 1480 2526 in
1547 2485 1730 2530 cruce
1805 2463 2133 2550 pendenti,
2208 2467 2523 2550 quatenus
2592 2461 2893 2550 petitioni
2952 2465 3173 2528 nostrae

1121 2589 1306 2634 aures
1337 2571 1576 2634 vestrae
1607 2569 2063 2654 compassionis
2108 2567 2513 2646 inclinantes,
2564 2567 2723 2632 duos
2766 2567 2871 2634 vel
2914 2569 3173 2654 quatuor

1119 2673 1202 2738 de
1245 2671 1558 2736 fratribus
1601 2673 1838 2738 vestris
1883 2695 2043 2758 quos
2088 2695 2207 2738 vos
2250 2673 2357 2738 vel
2424 2673 2723 2738 minister
2788 2673 3053 2736 fratrum
3106 2673 3173 2736 in

1115 2775 1362 2864 Anglia
1403 2777 1478 2840 in
1519 2775 1640 2844 hac
1683 2781 1866 2864 parte
1923 2777 2301 2858 decreverit,
2346 2777 2611 2844 idoneos
2670 2775 3009 2856 licentiare,
3052 2777 3173 2842 imo

1117 2883 1358 2946 eisdem
1401 2883 1748 2970 praecipere
1775 2883 2009 2962 velitis,
2058 2887 2377 2970 quatenus
2420 2883 2701 2970 benigne
2742 2883 2931 2946 lateri
2968 2887 3175 2948 nostro

1115 2985 1504 3066 adhaereant,
1555 2987 1906 3052 existentes
1952 2993 2193 3054 nostrae
2214 2989 2683 3054 imbecillitatis
2726 2987 3169 3066 fulcimentum,

1115 3093 1356 3156 nostrae
1399 3091 1878 3156 insufficientiae
1921 3093 2465 3180 supplementum,
2510 3093 2713 3158 nostri
2760 3093 3027 3180 torporis
3070 3113 3173 3156 ex·-

1115 3193 1558 3272 citamentum,
1625 3197 1979 3264 titubantis
2064 3197 2317 3278 erectiO,
2406 3197 2771 3264 haesitantis
2844 3197 3171 3286 propulsi0‚

1117 3299 1418 3366 tribulati
1463 3301 1830 3368 consolatio,

2006 3505 2225 3572 XLII.

863 3675 1000 3726 1237.
1137 3659 1304 3728 V‘iro
1349 3661 1720 3730 venerabili
1763 3663 1850 3730 i‘n
1883 3661 2149 3732 Christo
2194 3661 2549 3730 carissimo
2578 3663 2813 3730 Fratri
2840 3663 3175 3750 Erozulpho

1301 3765 1580 3856 domini
1651 3767 1864 3856 Papae
1911 3767 2451 3856 poenitentiario,
2526 3767 2845 3836 Robcrtus
2910 3769 3177 3856 permis·

1303 3871 1492 3940 sione
1581 3873 1832 3942 divina
1919 3873 2431 3942 Leucolmeasols
2524 3873 2795 3942 ecclcsioe
2878 3873 3177 3942 minister

1303 3975 1612 4060 humilia
1677 3979 1963 4046 salutem
2026 3987 2087 4044 ct
2148 3977 2489 4044 sincerum
2550 3977 2637 4044 in
2678 3975 2967 4046 Domino
3016 3975 3177 4046 cari·

1301 4083 1466 4150 tatis
1507 4081 1832 4170 affectum.

797 4245 1006 4300 Thanks
1025 4257 1078 4302 to
1211 4239 1350 4318 ‚Pro
1393 4241 1642 4308 salubri
1689 4239 1971 4320 consilio,
2004 4239 2255 4306 affabili
2294 4209 2627 4328 colloquiO,
2660 4245 2727 4306 et
2756 4241 2927 4308 dulci
2968 4241 3179 4308 solatio

795 4315 1070 4446 ἔξξξζζξξέ
1127 4343 1338 4426 gratis
1411 4349 1478 4410 et
1553 4345 1908 4412 liberaliter
1984 4345 2297 4412 exhibitis
2360 4345 2421 4410 S.
2486 4347 2887 4432 procuratori
2954 4351 3177 4422 nostr0,
3258 4345 3263 4348 ’

797 4465 890 4514 ary
909 4449 990 4500 for
1007 4451 1090 4504 his
1127 4451 1366 4514 vestrae
1411 4449 1856 4516 sincerissimae
1895 4449 2163 4514 caritati
2194 4453 2471 4536 quantas
2510 4449 2799 4516 valemus
2840 4449 3179 4538 gratiarum

797 4519 1040 4568 attention
1051 4527 1106 4572 to
1239 4551 1252 4564 .
1643 4555 1656 4568 .
1895 4553 1908 4566 .
2342 4553 2355 4566 .
2868 4555 2881 4568 .

797 4583 1106 4652 suffimen,
1129 4555 1412 4616 actiones
1475 4575 1664 4638 prom
1725 4553 2077 4634 referimus,
2148 4555 2585 4642 supplicantes
2646 4559 2961 4620 attentius
3032 4575 3177 4640 qua-

793 4651 1006 4770 Ξέζῧὲθ·
1127 4655 1322 4720 tenus
1385 4655 1578 4722 radix
1643 4657 2007 4724 dilectionis
2082 4681 2235 4746 erga
2310 4681 2427 4724 nos
2500 4659 2757 4738 habitae,
2824 4681 3013 4746 quam
3072 4677 3179 4742 per

797 4797 1008 4856 Proeto„
1131 4757 1600 4828 exhibitionem
1645 4767 1856 4848 operis
1901 4763 2207 4830 novimus
2250 4785 2383 4828 non
2430 4763 2635 4828 solum
2680 4763 3031 4848 pullulasse,
3076 4755 3179 4824 sed
