3875 5734
771 1733 938 1786 Exod.

767 1803 916 1854 xxiii.
941 1809 988 1854 2.
1025 1807 1034 1816 ⁶

767 2357 864 2406 His
877 2373 1082 2408 reasons

767 2427 846 2474 for
867 2427 956 2476 the

767 2493 908 2552 offer,
933 2495 1030 2544 and

769 2561 948 2612 advice
971 2579 1024 2612 as

763 2637 818 2678 to
839 2631 908 2680 its
931 2645 1014 2680 ac-

765 2705 1012 2762 ceptance.

767 3395 954 3516 {sloh
965 3399 1076 3452 xxi.

767 3815 914 3870 Cant.
935 3817 1050 3874 viii.

1099 787 1224 850 148
1743 799 2043 848 ROBERTI
2088 797 2547 848 onosSETEs‘rE

1093 981 1340 1048 tionem
1371 979 1646 1068 accipit³,
1699 985 1838 1046 tam
1883 981 2223 1048 evidenter
2264 981 2335 1044 in
2380 981 2521 1068 pios
2550 1003 2707 1044 usus
2736 981 3069 1068 expendat,
3098 987 3171 1050 ut

1097 1093 1362 1174 propter
1407 1107 1624 1152 earum
1667 1087 2099 1174 receptionem
2144 1087 2325 1152 nulla
2366 1085 2573 1174 possit
2612 1085 2981 1174 cupiditatis
3024 1093 3173 1152 nota

1099 1191 1422 1278 denigrari
1439 1217 1454 1274 3
1529 1191 1640 1278 qui
1681 1191 1995 1278 insuper,
2074 1215 2219 1256 cum
2296 1197 2663 1256 accusatum
2730 1191 2907 1278 juste
2976 1193 3171 1278 possit

1097 1293 1446 1376 absolvere,
1495 1297 1914 1382 congaudeat,
1962 1317 2107 1362 cum
2154 1317 2235 1360 ex
2290 1293 2553 1380 justitia
2606 1317 2971 1382 quenquam
3036 1319 3171 1362 con-

1099 1401 1402 1468 demnare
1489 1401 1758 1488 cogitur,
1839 1421 1920 1466 ex
2010 1401 2445 1486 compassione
2536 1399 2903 1482 condoleat3
2990 1423 3171 1488 quem

1077 1505 1300 1592 ¹etiam
1355 1531 1396 1572 a
1461 1505 1738 1572 veritate
1799 1503 2033 1592 judicii
2076 1527 2211 1568 non
2254 1503 2523 1572 flectant
2564 1527 2745 1570 amor
2790 1509 2903 1570 aut
2946 1503 3169 1586 odium,

1101 1611 1302 1676 timor
1343 1617 1462 1678 aut
1507 1631 1666 1698 spes,
1713 1629 1934 1698 preces
1978 1613 2095 1674 aut
2138 1607 2443 1694 pretium,
2488 1633 2599 1674 seu
2646 1609 2861 1696 aliqua
2904 1609 3171 1696 acceptio

1101 1737 1538 1802 personarum,
1611 1737 1730 1778 nec
1809 1713 2109 1800 decipiat,
2178 1719 2259 1778 ut
2334 1737 2379 1778 α
2430 1737 2581 1780 vero
2630 1713 2895 1800 judici-0
2956 1713 3167 1790 deviet,

1101 1821 1434 1884 sementia
1457 1817 1947 1906 plurimorum.
2040 1815 2241 1903 Cujus
2294 1815 2541 1884 deliciae
2584 1819 2719 1882 sint
2766 1817 3067 1882 sobrietas
3108 1823 3171 1882 et

1099 1923 1512 2002 abstinentia,
1561 1921 1742 2008 cujus
1791 1923 1973 2008 quies
2016 1919 2267 1986 labores
2312 1927 2381 1986 et
2426 1921 2693 2010 vigiliae,
2742 1921 2919 2008 cujus
2968 1927 3169 1986 totum

1103 2029 1490 2094 desiderium
1565 2025 1654 2090 sit
1727 2025 2069 2090 animabus
2142 2025 2475 2112 prodesse3
2568 2025 2669 2090 cui
2760 2025 2845 2090 sit
2916 2047 3169 2112 praeesse

1101 2153 1298 2218 grave
1353 2137 1422 2196 et
1485 2151 1826 2196 onerosum
1855 2155 1870 2212 3
1915 2133 2139 2194 tamen
2184 2135 2449 2218 propter
2492 2129 2737 2196 bonum
2784 2127 3047 2194 aliorum
3088 2129 3171 2194 sit

1101 2235 1222 2302 hoc
1269 2259 1432 2302 onus
1475 2233 1814 2300 humiliter
1857 2239 2225 2322 susceptum
2272 2233 2653 2320 fortiterque
2696 2239 3035 2322 portatum.

1195 2341 1366 2422 Quia
1409 2341 1616 2430 igitur
1663 2345 1730 2404 te
1775 2339 1981 2404 talem
2026 2339 2099 2404 in
2144 2339 2457 2426 regimine
2502 2339 2815 2426 pastorali
2864 2361 2997 2426 prae
3038 2339 3171 2404 aliis

1105 2445 1218 2532 qui
1261 2451 1506 2512 nostrae
1559 2443 1890 2510 memoriae
1960 2445 2401 2526 occurrebant,
2464 2445 2759 2510 futurum
2826 2445 3171 2510 firmissime

1103 2551 1524 2640 speravimUS‚
1601 2549 1852 2616 dictum
1944 2571 2109 2616 onus
2198 2547 2325 2614 tibi
2402 2571 2539 2634 prae
2628 2549 2775 2616 aliis
2860 2549 3169 2636 imponere

1105 2655 1526 2722 decrevimus.
1649 2655 1864 2720 Novit
1942 2655 2113 2720 enim
2178 2653 2361 2720 Deus
2436 2655 2609 2742 quod
2684 2655 2741 2718 si
2814 2653 3171 2720 occurrisset

1103 2761 1434 2826 memoriae
1509 2775 1748 2826 nostrae
1827 2781 2021 2846 quem
2096 2759 2181 2826 ad
2270 2759 2521 2826 dictum
2610 2761 2897 2846 regimen
2982 2761 3169 2826 credi-

1103 2865 1424 2932 dissemus
1497 2865 1846 2944 utiliorem,
1919 2865 2195 2932 eundem
2288 2865 2413 2930 tibi
2502 2865 2573 2928 in
2664 2863 2857 2952 hujus
2928 2865 3129 2932 oneris
3148 2865 3171 2902 2

1101 2969 1448 3036 collatione
1521 2967 2139 3060 praeposuissemus3
2182 2969 2357 3036 unde
2434 2973 2649 3034 certus
2722 2991 2853 3036 esse
2926 2971 3169 3060 poteris

1101 3075 1278 3162 quod
1337 3097 1470 3140 non
1543 3077 1622 3138 ut
1687 3079 1756 3140 te
1805 3073 2181 3152 ditaremus
2230 3075 2343 3138 sed
2406 3079 2483 3138 ut
2546 3075 2889 3140 animabus
2960 3099 3169 3142 consu·

1099 3179 1396 3260 leremuS‚
1443 3179 1516 3244 in
1583 3177 1778 3264 hujus
1847 3179 2287 3246 solicitudinis
2350 3183 2607 3268 partem
2674 3185 2739 3246 te
2800 3183 3169 3272 vocavimus,

1103 3283 1178 3348 Si
1223 3285 1430 3372 igitur
1475 3281 1750 3350 salutem
1799 3285 2187 3362 animarum,
2236 3285 2367 3348 imo
2416 3285 2469 3350 si
2532 3283 2763 3372 Ipsum
2808 3285 3017 3372 diligis
3068 3287 3173 3372 qui

1101 3387 1262 3454 dicit
1331 3387 1548 3466 Petro,
1595 3387 1916 3474 nobisque
1982 3387 2055 3452 in
2120 3387 2285 3476 ipso,
2346 3387 2433 3456 Si
2502 3387 2751 3476 eziligyis
2814 3411 2935 3472 me,
2988 3413 3171 3478 pasce

1103 3515 1250 3558 oves
1315 3515 1510 3572 meas,
1581 3513 1746 3558 onus
1813 3493 2121 3580 pascendi
2182 3517 2317 3558 non
2380 3495 2637 3572 abiciaS,
2706 3495 2989 3560 laborem
3050 3519 3165 3562 non

1099 3597 1402 3684 refugias,
1465 3617 1584 3662 nec
1647 3597 1748 3660 his
1813 3597 2169 3684 assumptis
2234 3595 2533 3684 fatigeris
2592 3597 2667 3662 in
2730 3597 2923 3686 ipsis;
2964 3597 3171 3686 hujus-

1101 3703 1282 3768 modi
1349 3701 1526 3768 enim
1601 3699 2053 3788 fatigationem
2122 3701 2259 3768 sola
2324 3707 2595 3790 generat
2660 3703 2945 3786 desidia3
3006 3727 3173 3770 amor

1099 3831 1256 3874 vero
1325 3807 1558 3874 salutis
1619 3807 2007 3888 animarum,
2076 3807 2191 3894 qui
2226 3807 2443 3894 fortis
2504 3813 2595 3874 est
2652 3813 2733 3874 ut
2796 3829 2987 3888 ‘mor-9,
3050 3831 3171 3876 non

1101 3917 1322 4002 potest
1367 3913 1436 3978 in
1481 3911 1586 3978 his
1629 3909 2087 3998 fatigationem
2136 3911 2397 3978 sentire.
2460 3909 2607 3990 Sed,
2658 3915 2735 3978 ut
2780 3913 3171 4002 suspicamur,

1103 4017 1340 4084 durum
1439 4017 1566 4084 tibi
1655 4015 1993 4082 videbitur
2082 4017 2331 4082 scholas
2424 4017 2731 4100 deserere,
2820 4017 3167 4086 cathedram

1105 4123 1554 4212 magistralem
1597 4125 1676 4188 ut
1739 4143 1991 4188 sacram
2058 4119 2459 4208 Scripturam
2508 4121 2735 4188 doceas
2794 4143 2927 4188 non
2976 4143 3173 4190 ascen·-

1107 4227 1260 4292 dere
1287 4251 1304 4310 ;
1349 4227 1692 4314 dicentque
1735 4227 1866 4290 tibi
1911 4225 2177 4314 plurimi
2208 4227 2385 4314 quod
2428 4251 2561 4292 non
2606 4227 2901 4294 dimittas
2942 4227 3175 4316 sapien-

1107 4331 1274 4398 tiam
1317 4355 1436 4420 pro
1481 4329 1754 4410 divitiis,
1803 4329 2219 4416 fructumque
2264 4353 2457 4418 quem
2518 4331 2589 4396 in
2636 4331 2865 4398 scholis
2910 4331 3175 4398 docendo
3260 4379 3267 4390 ·

1105 4437 1316 4502 facere
1361 4437 1620 4524 poteris
1669 4457 1790 4524 pro
1835 4435 2277 4524 dignitatibus
2304 4461 2321 4516 3
2368 4441 2771 4524 arguentque
2834 4441 2901 4500 te
2944 4437 3177 4524 cupidi-

1105 4541 1268 4608 tatis
1331 4547 1400 4608 et
1475 4539 1854 4608 ambitionis
1919 4539 2105 4626 quasi
2172 4537 2499 4628 relinquas
2570 4541 2745 4606 bona
2804 4539 3001 4606 animi
3068 4563 3177 4628 pro

1105 4683 1494 4690 -ffl—*.-,„-,*—.-ffl,-
1501 4683 1582 4688 ---.--
1597 4681 1782 4686 --——..-—-
1793 4683 1808 4686 -
1817 4683 1912 4686 —.....-.
1931 4683 1934 4686 .
1990 4683 1995 4686 .
2018 4683 2023 4686 .
2042 4681 2657 4686 ...-----.-.-....-.....------..-
2664 4681 2719 4686 ---
2998 4679 3169 4686 .--.--0*—.-—.

1171 4755 1186 4786 ¹
1221 4755 1430 4822 accipit]
1469 4761 1710 4818 acceptas
1727 4755 1934 4816 Brown,
1952 4755 2097 4808 omit·
2270 4755 2291 4786 ²
2320 4753 2505 4820 oneris]
2542 4751 2761 4816 honoriS,
2782 4753 2979 4804 Brown.

1103 4839 1214 4906 ting
1235 4853 1360 4902 quas
1379 4833 1682 4902 previously.
