3875 5734
1613 857 1971 910 EPISTOLAE.
2700 835 2829 900 289

745 1029 820 1096 Si
863 1035 1084 1098 autem
1127 1033 1442 1118 praedicta
1487 1033 1580 1098 sic
1647 1053 1714 1098 se
1781 1031 2085 1108 habeant,
2136 1027 2297 1116 quid
2344 1029 2649 1114 expectat
2690 1047 2829 1104 vos»,

743 1131 848 1198 vel
875 1155 992 1198 vos
1039 1133 1200 1218 quid
1245 1139 1586 1220 expectare
1615 1133 1908 1218 potestis,
1958 1131 2091 1194 nisi
2118 1131 2193 1194 id
2232 1131 2349 1198 Vce
2394 1131 2571 1216 quod
2612 1151 2829 1218 repro-

741 1233 956 1300 mittit
1019 1233 1342 1300 Dominus
1427 1257 1544 1322 per
1607 1233 1866 1314 Isaiam,
1925 1233 2039 1300 his
2082 1233 2205 1320 qui,
2264 1233 2677 1300 descendunt
2742 1233 2827 1300 isa
2850 1243 2969 1300 Isai.
2992 1247 3141 1300 xxxi.

741 1335 1112 1422 AE'yyptum
1155 1335 1250 1404 ad
1291 1337 1668 1418 ductilium,
1711 1337 1802 1404 ‘in
1859 1335 2051 1426 equis
2094 1341 2435 1424 sperantes
2478 1343 2539 1404 et
2580 1335 2825 1404 haben—
2856 1317 2903 1366 ¹·

739 1443 830 1502 tes
875 1437 1226 1522 fiduciam
1289 1461 1494 1526 super
1565 1439 1949 1526 quadrimo,
2028 1437 2199 1526 quia
2264 1439 2499 1506 ‘multoe
2540 1449 2719 1518 sunt,
2770 1447 2829 1506 et

743 1561 944 1626 super
985 1539 1340 1628 equitibus,
1391 1539 1560 1628 quia
1601 1541 1983 1630 p‘roevalidi
2028 1539 2253 1610 nimis
2272 1565 2301 1622 ;
2346 1549 2407 1608 et
2472 1563 2621 1608 ‘non
2664 1549 2831 1608 sunt

743 1641 976 1730 confisi
1053 1665 1258 1732 super
1329 1641 1666 1712 Sanctum
1737 1647 1790 1712 I
1783 1643 2047 1726 sraelis,
2106 1653 2167 1714 et
2226 1645 2615 1712 Dominum
2688 1669 2831 1712 own

741 1745 1218 1836 requisierunt.
1309 1749 1642 1836 AEgyptus
1687 1751 1862 1816 enim
1907 1751 2193 1818 mundus
2238 1753 2341 1818 est
2400 1755 2467 1816 et
2528 1749 2829 1816 secularis

739 1857 1042 1938 potestaS,
1087 1851 1176 1916 ad
1217 1849 1404 1936 cujus
1445 1873 1582 1932 vos,
1631 1853 1686 1918 si
1743 1855 2063 1942 praedicta
2124 1855 2217 1920 sic
2282 1855 2433 1930 sint,
2482 1853 2831 1940 confugitis

741 1953 1080 2042 auxilium·
1151 1955 1610 2022 descendentes
1685 1957 1770 2022 ab
1845 1957 2281 2038 Hierusalem,
2356 1959 2475 2022 hoc
2552 1963 2667 2036 est,
2746 1957 2829 2022 ab

739 2057 1162 2124 ecclesiastico
1205 2079 1326 2124 vos
1371 2059 1826 2124 subtrahentes
1869 2061 2139 2146 judicic,
2184 2081 2331 2124 ‘aon
2360 2059 2597 2146 confisi
2628 2081 2831 2146 saper

739 2163 1070 2232 Sanctum
1111 2161 1416 2244 Iar-aelia,
1463 2185 1658 2252 super
1701 2187 1898 2250 quem
1929 2163 1987 2230 si
2034 2163 2455 2242 consider-itis,
2508 2163 2829 2230 ecclesias-

739 2265 940 2332 ticum
991 2265 1318 2352 judicium
1375 2267 1448 2332 in
1495 2267 1604 2346 ⁴his
1649 2289 1794 2352 quae
1853 2265 1941 2330 ad
1986 2265 2489 2332 ecclesiasticum
2534 2271 2831 2352 spectant

739 2391 1030 2448 examen,
1077 2389 1418 2454 nunquam
1485 2371 1766 2456 effugere
1829 2369 2157 2436 curaretis,
2268 2369 2377 2434 Ad
2440 2369 2595 2448 haec,
2662 2371 2831 2436 bene

739 2473 1018 2538 recolitis
1047 2493 1166 2538 vos
1209 2471 1524 2560 inspectis
1553 2475 1977 2538 sacrosanctis
2014 2473 2285 2558 jurasse,
2334 2471 2511 2558 quod
2554 2471 2829 2538 formam

739 2597 930 2662 super
999 2597 1304 2662 processu
1393 2577 1588 2642 dictae
1665 2597 1892 2656 causae,
1968 2575 2045 2638 in
2118 2597 2317 2662 quam
2394 2575 2831 2640 consensimus

739 2679 1170 2744 communiter
1211 2679 1390 2766 apud
1435 2679 1694 2756 Thame,
1743 2679 1916 2744 bona
1958 2677 2087 2742 fide
2144 2677 2613 2758 observaretis3
2658 2679 2831 2762 quod

739 2781 938 2846 etiam
1013 2781 1276 2866 quidam
1353 2781 1434 2844 de
1507 2779 1943 2844 confratribus
2016 2779 2253 2844 vestris
2338 2779 2583 2844 ibidem
2672 2785 2833 2844 tunc

739 2887 1104 2970 praesentes,
1149 2883 1224 2948 in
1269 2883 1522 2948 animas
1567 2881 1860 2948 omnium
1921 2883 1989 2946 et
2050 2881 2453 2968 singulorum
2514 2881 2595 2946 de
2658 2883 2829 2968 capi-

741 2987 878 3054 tulo
923 2979 1224 3052 similiter
1257 2985 1670 3072 juraverunt.
1763 2985 2091 3072 Rogamus
2144 2985 2349 3070 igitur
2396 2983 2571 3070 quod
2612 2989 2831 3048 vestra

741 3091 926 3156 nobis
957 3111 1172 3156 coram
1203 3089 1346 3156 Deo
1391 3095 1460 3154 et
1503 3087 1754 3174 angelis
1799 3087 1941 3174 ejus
1982 3087 2371 3174 respondeat
2418 3087 2827 3166 conscientia,

739 3197 960 3258 utrum
1003 3191 1088 3258 ab
1133 3193 1238 3258 his
1283 3195 1364 3258 de
1409 3189 1694 3280 capitulo
1741 3189 1856 3276 qui
1899 3189 2281 3276 praedictam
2324 3189 2829 3276 prohibitionem

739 3295 1280 3384 impetraverunt,
1355 3299 1474 3362 aut
1547 3287 1632 3360 ne
1703 3299 2051 3360 revocetur
2136 3295 2503 3378 procurant,
2580 3293 2829 3358 dictum

733 3397 1180 3482 juramentum
1221 3399 1400 3466 bona
1441 3399 1572 3462 fide
1617 3399 1686 3462 et
1727 3397 1973 3484 absque
2016 3395 2245 3462 fraude
2274 3397 2363 3462 sit
2394 3397 2829 3462 observatum.

743 3501 912 3582 Quia
951 3501 1156 3588 igitur
1211 3501 1452 3568 animae
1493 3503 1730 3566 vestrae
1799 3503 1866 3564 et
1931 3499 2221 3566 omnium
2266 3505 2335 3564 et
2360 3497 2381 3536 ¹
2428 3501 2831 3588 singulorum

743 3603 1010 3692 capituli
1037 3607 1248 3672 nostri
1277 3627 1496 3672 curam
1537 3609 1604 3670 et
1649 3603 2129 3670 solicitudinem
2158 3609 2499 3690 paternam
2528 3605 2829 3690 gerimus,

743 3729 858 3774 vos
899 3713 1152 3794 quanta
1215 3729 1558 3796 possumus
1619 3705 1965 3774 affectione
2028 3711 2305 3794 paterna
2364 3729 2701 3774 monemus
2762 3711 2829 3772 et

743 3811 1164 3876 exhortamur
1223 3813 1298 3876 in
1343 3813 1646 3890 Domine,
1713 3815 1784 3876 et
1849 3817 2175 3896 quantum
2226 3833 2567 3898 possumus
2610 3815 2829 3876 aucto-

743 3915 938 3978 ritate
983 3915 1346 4002 episcopali,
1393 3915 1550 3980 licet
1593 3913 1784 3978 nobis
1827 3913 2121 4000 indignis
2166 3915 2443 4000 desuper
2484 3913 2825 3994 attributa,

743 4017 1094 4082 districtius
1137 4017 1528 4100 inhibemus,
1577 4039 1662 4080 ne
1705 4017 2055 4102 quicquam
2112 4015 2193 4080 de
2244 4021 2495 4098 caetere,
2544 4017 2827 4080 maxime

741 4119 1114 4204 praedictam
1177 4125 1454 4208 tangens
1517 4139 1796 4200 causam,
1839 4119 1916 4182 in
1992 4117 2437 4184 ecclesiasticae
2500 4117 2829 4182 libertatis

743 4221 1226 4288 enervationem
1289 4245 1404 4308 per
1463 4243 1584 4288 vos
1651 4227 1770 4286 aut
1833 4241 1953 4306 per
2018 4243 2375 4306 quosquam
2442 4221 2603 4284 alios
2650 4221 2829 4308 apud

743 4323 1078 4390 dominum
1119 4347 1340 4410 regem
1401 4329 1520 4390 aut
1585 4343 1734 4386 suos
1793 4327 1910 4386 aut
1956 4343 2317 4408 quosquam
2360 4323 2523 4386 alios
2566 4343 2827 4410 quoquo

743 4427 932 4494 modo
995 4429 1382 4514 procuretis;
1449 4425 1750 4490 omnibus
1813 4429 1882 4490 et
1944 4425 2219 4512 singulis
2286 4425 2559 4512 capituli
2618 4427 2825 4492 vestri

1549 4755 1564 4788 ¹
1597 4755 1670 4820 et]
1709 4769 1808 4806 om.
1831 4753 2013 4808 O.C.C.
