<?xml version="1.0" encoding="UTF-8"?>
<!DOCTYPE html PUBLIC "-//W3C//DTD XHTML 1.0 Transitional//EN"
    "http://www.w3.org/TR/xhtml1/DTD/xhtml1-transitional.dtd">
<html xmlns="http://www.w3.org/1999/xhtml" xml:lang="en" lang="en">
 <head>
  <title>
</title>
<meta http-equiv="Content-Type" content="text/html;charset=utf-8" />
  <meta name='ocr-system' content='tesseract 3.04.00' />
  <meta name='ocr-capabilities' content='ocr_page ocr_carea ocr_par ocr_line ocrx_word'/>
</head>
<body>
  <div class='ocr_page' id='page_1' title='image "./robertigrossete01luargoog_0305.png"; bbox 0 0 3875 5734; ppageno 0'>
   <div class='ocr_carea' id='block_1_1' title="bbox 1571 811 2799 872">
    <p class='ocr_par' dir='ltr' id='par_1_1' title="bbox 1571 811 2799 872">
     <span class='ocr_line' id='line_1_1' title="bbox 1571 811 2799 872; baseline 0.005 -8"><span class='ocrx_word' id='word_1_1' title='bbox 1571 815 1934 866; x_wconf 81' lang='lat' dir='ltr'><strong>EPISTOLAE.</strong></span> <span class='ocrx_word' id='word_1_2' title='bbox 2676 811 2799 872; x_wconf 86' lang='lat'><strong>165</strong></span> 
     </span>
    </p>
   </div>
   <div class='ocr_carea' id='block_1_2' title="bbox 725 987 2805 4314">
    <p class='ocr_par' dir='ltr' id='par_1_2' title="bbox 727 987 2805 1186">
     <span class='ocr_line' id='line_1_2' title="bbox 727 987 2805 1086; baseline 0.003 -30"><span class='ocrx_word' id='word_1_3' title='bbox 727 987 906 1074; x_wconf 79' lang='lat' dir='ltr'><strong>Quod</strong></span> <span class='ocrx_word' id='word_1_4' title='bbox 949 1009 1082 1056; x_wconf 91' lang='lat' dir='ltr'><strong>non</strong></span> <span class='ocrx_word' id='word_1_5' title='bbox 1127 991 1394 1056; x_wconf 88' lang='lat' dir='ltr'><strong>teneant</strong></span> <span class='ocrx_word' id='word_1_6' title='bbox 1439 991 1512 1056; x_wconf 87' lang='lat' dir='ltr'><strong>in</strong></span> <span class='ocrx_word' id='word_1_7' title='bbox 1559 993 1860 1060; x_wconf 81' lang='lat' dir='ltr'>domibus</span> <span class='ocrx_word' id='word_1_8' title='bbox 1903 993 2041 1060; x_wconf 85' lang='lat' dir='ltr'><strong>suis</strong></span> <span class='ocrx_word' id='word_1_9' title='bbox 2086 995 2403 1078; x_wconf 63' lang='lat' dir='ltr'><strong>mulieres</strong></span> <span class='ocrx_word' id='word_1_10' title='bbox 2438 999 2519 1064; x_wconf 84' lang='lat' dir='ltr'><strong>de</strong></span> <span class='ocrx_word' id='word_1_11' title='bbox 2566 999 2805 1086; x_wconf 88' lang='lat' dir='ltr'><strong>quibus</strong></span> 
     </span>
     <span class='ocr_line' id='line_1_3' title="bbox 803 1093 1770 1186; baseline 0.003 -25"><span class='ocrx_word' id='word_1_12' title='bbox 803 1095 1000 1182; x_wconf 82' lang='lat' dir='ltr'><strong>possit</strong></span> <span class='ocrx_word' id='word_1_13' title='bbox 1045 1115 1182 1160; x_wconf 88' lang='lat' dir='ltr'><strong>esse</strong></span> <span class='ocrx_word' id='word_1_14' title='bbox 1227 1095 1382 1160; x_wconf 89' lang='lat' dir='ltr'><strong>mali</strong></span> <span class='ocrx_word' id='word_1_15' title='bbox 1407 1093 1426 1132; x_wconf 81' lang='lat'>¹</span> <span class='ocrx_word' id='word_1_16' title='bbox 1475 1099 1770 1186; x_wconf 55' lang='lat' dir='ltr'><strong>suspicit).</strong></span> 
     </span>
    </p>

    <p class='ocr_par' dir='ltr' id='par_1_3' title="bbox 727 1201 2605 1290">
     <span class='ocr_line' id='line_1_4' title="bbox 727 1201 2605 1290; baseline 0.003 -22"><span class='ocrx_word' id='word_1_17' title='bbox 727 1203 902 1286; x_wconf 80' lang='lat' dir='ltr'><strong>Quod</strong></span> <span class='ocrx_word' id='word_1_18' title='bbox 945 1223 1078 1266; x_wconf 87' lang='lat' dir='ltr'><strong>non</strong></span> <span class='ocrx_word' id='word_1_19' title='bbox 1121 1201 1258 1266; x_wconf 87' lang='lat' dir='ltr'><strong>sint</strong></span> <span class='ocrx_word' id='word_1_20' title='bbox 1305 1203 1538 1268; x_wconf 80' lang='lat' dir='ltr'>ebriosi</span> <span class='ocrx_word' id='word_1_21' title='bbox 1583 1207 1700 1270; x_wconf 87' lang='lat' dir='ltr'><strong>aut</strong></span> <span class='ocrx_word' id='word_1_22' title='bbox 1743 1203 2053 1272; x_wconf 87' lang='lat' dir='ltr'><strong>tabernas</strong></span> <span class='ocrx_word' id='word_1_23' title='bbox 2098 1203 2605 1290; x_wconf 66' lang='lat' dir='ltr'><strong>frequentantes,</strong></span> 
     </span>
    </p>

    <p class='ocr_par' dir='ltr' id='par_1_4' title="bbox 725 1305 2291 1394">
     <span class='ocr_line' id='line_1_5' title="bbox 725 1305 2291 1394; baseline 0.001 -21"><span class='ocrx_word' id='word_1_24' title='bbox 725 1307 902 1390; x_wconf 75' lang='lat' dir='ltr'><strong>Quod</strong></span> <span class='ocrx_word' id='word_1_25' title='bbox 941 1329 1072 1372; x_wconf 87' lang='lat' dir='ltr'><strong>non</strong></span> <span class='ocrx_word' id='word_1_26' title='bbox 1119 1305 1252 1374; x_wconf 85' lang='lat' dir='ltr'><strong>sint</strong></span> <span class='ocrx_word' id='word_1_27' title='bbox 1295 1307 1736 1394; x_wconf 80' lang='lat' dir='ltr'><strong>negotiatores</strong></span> <span class='ocrx_word' id='word_1_28' title='bbox 1781 1311 1898 1374; x_wconf 84' lang='lat' dir='ltr'><strong>aut</strong></span> <span class='ocrx_word' id='word_1_29' title='bbox 1948 1309 2229 1374; x_wconf 82' lang='lat' dir='ltr'><strong>usurarii</strong></span> <span class='ocrx_word' id='word_1_30' title='bbox 2250 1305 2291 1374; x_wconf 77' lang='lat'><strong>2.</strong></span> 
     </span>
    </p>

    <p class='ocr_par' dir='ltr' id='par_1_5' title="bbox 727 1413 2805 1598">
     <span class='ocr_line' id='line_1_6' title="bbox 727 1413 2805 1502; baseline -0.001 -22"><span class='ocrx_word' id='word_1_31' title='bbox 727 1413 906 1496; x_wconf 80' lang='lat' dir='ltr'><strong>Quod</strong></span> <span class='ocrx_word' id='word_1_32' title='bbox 945 1437 1078 1478; x_wconf 90' lang='lat' dir='ltr'><strong>non</strong></span> <span class='ocrx_word' id='word_1_33' title='bbox 1123 1413 1284 1478; x_wconf 87' lang='lat' dir='ltr'><strong>dent</strong></span> <span class='ocrx_word' id='word_1_34' title='bbox 1349 1413 1436 1478; x_wconf 85' lang='lat' dir='ltr'><strong>ad</strong></span> <span class='ocrx_word' id='word_1_35' title='bbox 1501 1413 1756 1480; x_wconf 86' lang='lat' dir='ltr'><strong>firmam</strong></span> <span class='ocrx_word' id='word_1_36' title='bbox 1799 1413 1910 1480; x_wconf 81' lang='lat' dir='ltr'><strong>vel</strong></span> <span class='ocrx_word' id='word_1_37' title='bbox 1974 1415 2295 1502; x_wconf 86' lang='lat' dir='ltr'><strong>recipiant</strong></span> <span class='ocrx_word' id='word_1_38' title='bbox 2358 1413 2651 1478; x_wconf 86' lang='lat' dir='ltr'><strong>ecclesias</strong></span> <span class='ocrx_word' id='word_1_39' title='bbox 2698 1413 2805 1478; x_wconf 83' lang='lat' dir='ltr'><strong>vel</strong></span> 
     </span>
     <span class='ocr_line' id='line_1_7' title="bbox 803 1517 2203 1598; baseline 0 -14"><span class='ocrx_word' id='word_1_40' title='bbox 803 1517 1238 1598; x_wconf 86' lang='lat' dir='ltr'><strong>ecclesiastica,</strong></span> <span class='ocrx_word' id='word_1_41' title='bbox 1283 1519 1412 1584; x_wconf 82' lang='lat' dir='ltr'><strong>nisi</strong></span> <span class='ocrx_word' id='word_1_42' title='bbox 1457 1519 1530 1582; x_wconf 88' lang='lat' dir='ltr'><strong>in</strong></span> <span class='ocrx_word' id='word_1_43' title='bbox 1577 1521 1830 1586; x_wconf 80' lang='lat' dir='ltr'>casibus</span> <span class='ocrx_word' id='word_1_44' title='bbox 1873 1521 2203 1586; x_wconf 78' lang='lat' dir='ltr'><strong>concessis</strong></span> 
     </span>
    </p>

    <p class='ocr_par' dir='ltr' id='par_1_6' title="bbox 727 1621 2805 1814">
     <span class='ocr_line' id='line_1_8' title="bbox 727 1621 2805 1710; baseline 0 -24"><span class='ocrx_word' id='word_1_45' title='bbox 727 1624 902 1704; x_wconf 79' lang='lat' dir='ltr'><strong>Quod</strong></span> <span class='ocrx_word' id='word_1_46' title='bbox 947 1645 1076 1688; x_wconf 90' lang='lat' dir='ltr'><strong>non</strong></span> <span class='ocrx_word' id='word_1_47' title='bbox 1121 1623 1258 1688; x_wconf 90' lang='lat' dir='ltr'><strong>sint</strong></span> <span class='ocrx_word' id='word_1_48' title='bbox 1299 1623 1442 1688; x_wconf 83' lang='lat' dir='ltr'><strong>vice</strong></span> <span class='ocrx_word' id='word_1_49' title='bbox 1487 1623 1754 1690; x_wconf 87' lang='lat' dir='ltr'><strong>comites</strong></span> <span class='ocrx_word' id='word_1_50' title='bbox 1799 1623 1908 1690; x_wconf 87' lang='lat' dir='ltr'><strong>vel</strong></span> <span class='ocrx_word' id='word_1_51' title='bbox 1944 1623 2315 1710; x_wconf 67' lang='lat' dir='ltr'><strong>justitiarii,</strong></span> <span class='ocrx_word' id='word_1_52' title='bbox 2364 1621 2475 1686; x_wconf 85' lang='lat' dir='ltr'><strong>vel</strong></span> <span class='ocrx_word' id='word_1_53' title='bbox 2532 1625 2805 1686; x_wconf 88' lang='lat' dir='ltr'><strong>teneant</strong></span> 
     </span>
     <span class='ocr_line' id='line_1_9' title="bbox 801 1725 2535 1814; baseline -0.002 -20"><span class='ocrx_word' id='word_1_54' title='bbox 801 1729 1084 1808; x_wconf 78' lang='lat' dir='ltr'><strong>ballivaS,</strong></span> <span class='ocrx_word' id='word_1_55' title='bbox 1129 1727 1304 1794; x_wconf 86' lang='lat' dir='ltr'><strong>unde</strong></span> <span class='ocrx_word' id='word_1_56' title='bbox 1349 1727 1726 1814; x_wconf 77' lang='lat' dir='ltr'><strong>obligentur</strong></span> <span class='ocrx_word' id='word_1_57' title='bbox 1769 1725 1953 1794; x_wconf 87' lang='lat' dir='ltr'><strong>laicis</strong></span> <span class='ocrx_word' id='word_1_58' title='bbox 1996 1729 2083 1794; x_wconf 91' lang='lat' dir='ltr'><strong>ad</strong></span> <span class='ocrx_word' id='word_1_59' title='bbox 2126 1727 2473 1794; x_wconf 83' lang='lat' dir='ltr'><strong>ratiocinia</strong></span> <span class='ocrx_word' id='word_1_60' title='bbox 2492 1725 2535 1792; x_wconf 79' lang='lat'><strong>³.</strong></span> 
     </span>
    </p>

    <p class='ocr_par' dir='ltr' id='par_1_7' title="bbox 725 1831 2805 2026">
     <span class='ocr_line' id='line_1_10' title="bbox 725 1831 2805 1922; baseline -0.001 -24"><span class='ocrx_word' id='word_1_61' title='bbox 725 1833 902 1914; x_wconf 78' lang='lat' dir='ltr'><strong>Quod</strong></span> <span class='ocrx_word' id='word_1_62' title='bbox 977 1855 1122 1898; x_wconf 87' lang='lat' dir='ltr'><strong>cum</strong></span> <span class='ocrx_word' id='word_1_63' title='bbox 1199 1833 1636 1900; x_wconf 82' lang='lat' dir='ltr'><strong>sacerdotibus</strong></span> <span class='ocrx_word' id='word_1_64' title='bbox 1697 1857 1836 1900; x_wconf 89' lang='lat' dir='ltr'><strong>non</strong></span> <span class='ocrx_word' id='word_1_65' title='bbox 1899 1833 2023 1901; x_wconf 86' lang='lat' dir='ltr'><strong>fiat</strong></span> <span class='ocrx_word' id='word_1_66' title='bbox 2086 1833 2319 1922; x_wconf 84' lang='lat' dir='ltr'><strong>pacti0‚</strong></span> <span class='ocrx_word' id='word_1_67' title='bbox 2388 1835 2469 1898; x_wconf 87' lang='lat' dir='ltr'><strong>ut</strong></span> <span class='ocrx_word' id='word_1_68' title='bbox 2552 1831 2805 1920; x_wconf 88' lang='lat' dir='ltr'><strong>possint</strong></span> 
     </span>
     <span class='ocr_line' id='line_1_11' title="bbox 803 1935 2021 2026; baseline 0.002 -24"><span class='ocrx_word' id='word_1_69' title='bbox 803 1937 1074 2026; x_wconf 87' lang='lat' dir='ltr'><strong>recipere</strong></span> <span class='ocrx_word' id='word_1_70' title='bbox 1117 1937 1428 2004; x_wconf 87' lang='lat' dir='ltr'><strong>annualia</strong></span> <span class='ocrx_word' id='word_1_71' title='bbox 1471 1939 1580 2002; x_wconf 79' lang='lat' dir='ltr'><strong>vel</strong></span> <span class='ocrx_word' id='word_1_72' title='bbox 1621 1935 2021 2004; x_wconf 70' lang='lat' dir='ltr'><strong>tricennalia.</strong></span> 
     </span>
    </p>

    <p class='ocr_par' dir='ltr' id='par_1_8' title="bbox 725 2043 2737 2124">
     <span class='ocr_line' id='line_1_12' title="bbox 725 2043 2737 2124; baseline -0.001 -16"><span class='ocrx_word' id='word_1_73' title='bbox 725 2043 904 2124; x_wconf 79' lang='lat' dir='ltr'><strong>Quod</strong></span> <span class='ocrx_word' id='word_1_74' title='bbox 947 2043 1304 2108; x_wconf 68' lang='lat' dir='ltr'><strong>sacerdotes</strong></span> <span class='ocrx_word' id='word_1_75' title='bbox 1349 2043 1634 2108; x_wconf 82' lang='lat' dir='ltr'><strong>habeant</strong></span> <span class='ocrx_word' id='word_1_76' title='bbox 1679 2043 2137 2110; x_wconf 70' lang='lat' dir='ltr'><strong>rationabilem</strong></span> <span class='ocrx_word' id='word_1_77' title='bbox 2184 2043 2737 2110; x_wconf 71' lang='lat' dir='ltr'><strong>sustentationem.</strong></span> 
     </span>
    </p>

    <p class='ocr_par' dir='ltr' id='par_1_9' title="bbox 727 2145 2801 2316">
     <span class='ocr_line' id='line_1_13' title="bbox 727 2145 2801 2226; baseline 0.001 -16"><span class='ocrx_word' id='word_1_78' title='bbox 727 2147 904 2226; x_wconf 75' lang='lat' dir='ltr'><strong>Quod</strong></span> <span class='ocrx_word' id='word_1_79' title='bbox 947 2145 1124 2212; x_wconf 89' lang='lat' dir='ltr'><strong>laicis</strong></span> <span class='ocrx_word' id='word_1_80' title='bbox 1165 2169 1298 2212; x_wconf 89' lang='lat' dir='ltr'><strong>non</strong></span> <span class='ocrx_word' id='word_1_81' title='bbox 1345 2145 1586 2214; x_wconf 87' lang='lat' dir='ltr'><strong>dentur</strong></span> <span class='ocrx_word' id='word_1_82' title='bbox 1629 2147 1714 2212; x_wconf 89' lang='lat' dir='ltr'><strong>ad</strong></span> <span class='ocrx_word' id='word_1_83' title='bbox 1757 2147 2017 2212; x_wconf 88' lang='lat' dir='ltr'><strong>firmam</strong></span> <span class='ocrx_word' id='word_1_84' title='bbox 2062 2147 2283 2214; x_wconf 83' lang='lat' dir='ltr'><strong>liberae</strong></span> <span class='ocrx_word' id='word_1_85' title='bbox 2350 2151 2541 2212; x_wconf 80' lang='lat' dir='ltr'><strong>terrae</strong></span> <span class='ocrx_word' id='word_1_86' title='bbox 2604 2145 2801 2212; x_wconf 82' lang='lat' dir='ltr'><strong>eccle·</strong></span> 
     </span>
     <span class='ocr_line' id='line_1_14' title="bbox 803 2251 1052 2316; baseline 0 0"><span class='ocrx_word' id='word_1_87' title='bbox 803 2251 1052 2316; x_wconf 78' lang='lat' dir='ltr'><strong>siamm.</strong></span> 
     </span>
    </p>

    <p class='ocr_par' dir='ltr' id='par_1_10' title="bbox 727 2353 2797 2546">
     <span class='ocr_line' id='line_1_15' title="bbox 727 2353 2797 2436; baseline -0.001 -16"><span class='ocrx_word' id='word_1_88' title='bbox 727 2355 906 2436; x_wconf 80' lang='lat' dir='ltr'><strong>Quod</strong></span> <span class='ocrx_word' id='word_1_89' title='bbox 947 2377 1076 2420; x_wconf 90' lang='lat' dir='ltr'><strong>non</strong></span> <span class='ocrx_word' id='word_1_90' title='bbox 1121 2353 1448 2422; x_wconf 82' lang='lat' dir='ltr'><strong>aedificent</strong></span> <span class='ocrx_word' id='word_1_91' title='bbox 1493 2355 1576 2424; x_wconf 87' lang='lat' dir='ltr'><strong>de</strong></span> <span class='ocrx_word' id='word_1_92' title='bbox 1619 2355 1808 2422; x_wconf 86' lang='lat' dir='ltr'><strong>bonis</strong></span> <span class='ocrx_word' id='word_1_93' title='bbox 1875 2355 2181 2422; x_wconf 73' lang='lat' dir='ltr'><strong>Ecclesiae</strong></span> <span class='ocrx_word' id='word_1_94' title='bbox 2246 2355 2319 2420; x_wconf 83' lang='lat' dir='ltr'><strong>in</strong></span> <span class='ocrx_word' id='word_1_95' title='bbox 2384 2355 2547 2420; x_wconf 83' lang='lat' dir='ltr'><strong>laico</strong></span> <span class='ocrx_word' id='word_1_96' title='bbox 2592 2353 2797 2436; x_wconf 84' lang='lat' dir='ltr'><strong>feodo,</strong></span> 
     </span>
     <span class='ocr_line' id='line_1_16' title="bbox 803 2459 1616 2546; baseline 0.004 -22"><span class='ocrx_word' id='word_1_97' title='bbox 803 2481 918 2526; x_wconf 86' lang='lat' dir='ltr'><strong>nec</strong></span> <span class='ocrx_word' id='word_1_98' title='bbox 963 2459 1240 2526; x_wconf 83' lang='lat' dir='ltr'><strong>decimas</strong></span> <span class='ocrx_word' id='word_1_99' title='bbox 1283 2465 1616 2546; x_wconf 86' lang='lat' dir='ltr'><strong>reponant.</strong></span> 
     </span>
    </p>

    <p class='ocr_par' dir='ltr' id='par_1_11' title="bbox 729 2563 2803 2734">
     <span class='ocr_line' id='line_1_17' title="bbox 729 2563 2803 2650; baseline 0 -22"><span class='ocrx_word' id='word_1_100' title='bbox 729 2563 910 2644; x_wconf 74' lang='lat' dir='ltr'><strong>Quod</strong></span> <span class='ocrx_word' id='word_1_101' title='bbox 953 2563 1248 2628; x_wconf 83' lang='lat' dir='ltr'><strong>redditus</strong></span> <span class='ocrx_word' id='word_1_102' title='bbox 1291 2563 1608 2650; x_wconf 82' lang='lat' dir='ltr'><strong>assignati</strong></span> <span class='ocrx_word' id='word_1_103' title='bbox 1649 2565 1736 2628; x_wconf 86' lang='lat' dir='ltr'><strong>ad</strong></span> <span class='ocrx_word' id='word_1_104' title='bbox 1773 2563 2129 2630; x_wconf 86' lang='lat' dir='ltr'><strong>luminaria</strong></span> <span class='ocrx_word' id='word_1_105' title='bbox 2158 2585 2291 2628; x_wconf 91' lang='lat' dir='ltr'><strong>non</strong></span> <span class='ocrx_word' id='word_1_106' title='bbox 2338 2567 2803 2628; x_wconf 81' lang='lat' dir='ltr'><strong>convertantur</strong></span> 
     </span>
     <span class='ocr_line' id='line_1_18' title="bbox 807 2667 2583 2734; baseline -0.003 0"><span class='ocrx_word' id='word_1_107' title='bbox 807 2669 874 2734; x_wconf 87' lang='lat' dir='ltr'><strong>in</strong></span> <span class='ocrx_word' id='word_1_108' title='bbox 919 2667 1076 2734; x_wconf 88' lang='lat' dir='ltr'><strong>alios</strong></span> <span class='ocrx_word' id='word_1_109' title='bbox 1119 2691 1290 2734; x_wconf 80' lang='lat' dir='ltr'><strong>usus</strong></span> <span class='ocrx_word' id='word_1_110' title='bbox 2580 2673 2583 2678; x_wconf 83' lang='lat'>&#39;</span> 
     </span>
    </p>

    <p class='ocr_par' dir='ltr' id='par_1_12' title="bbox 731 2771 2801 2940">
     <span class='ocr_line' id='line_1_19' title="bbox 731 2771 2801 2852; baseline 0 -16"><span class='ocrx_word' id='word_1_111' title='bbox 731 2771 908 2852; x_wconf 79' lang='lat' dir='ltr'><strong>Quod</strong></span> <span class='ocrx_word' id='word_1_112' title='bbox 951 2773 1100 2838; x_wconf 88' lang='lat' dir='ltr'><strong>laici</strong></span> <span class='ocrx_word' id='word_1_113' title='bbox 1141 2773 1214 2838; x_wconf 87' lang='lat' dir='ltr'><strong>in</strong></span> <span class='ocrx_word' id='word_1_114' title='bbox 1259 2771 1364 2838; x_wconf 87' lang='lat' dir='ltr'><strong>die</strong></span> <span class='ocrx_word' id='word_1_115' title='bbox 1409 2771 1674 2838; x_wconf 80' lang='lat' dir='ltr'><strong>Paschae</strong></span> <span class='ocrx_word' id='word_1_116' title='bbox 1733 2795 1870 2838; x_wconf 88' lang='lat' dir='ltr'><strong>non</strong></span> <span class='ocrx_word' id='word_1_117' title='bbox 1931 2771 2129 2838; x_wconf 84' lang='lat' dir='ltr'><strong>simul</strong></span> <span class='ocrx_word' id='word_1_118' title='bbox 2192 2771 2473 2838; x_wconf 85' lang='lat' dir='ltr'><strong>offerant</strong></span> <span class='ocrx_word' id='word_1_119' title='bbox 2514 2777 2585 2838; x_wconf 91' lang='lat' dir='ltr'><strong>et</strong></span> <span class='ocrx_word' id='word_1_120' title='bbox 2628 2793 2801 2838; x_wconf 86' lang='lat' dir='ltr'><strong>com-</strong></span> 
     </span>
     <span class='ocr_line' id='line_1_20' title="bbox 803 2877 1142 2940; baseline 0 0"><span class='ocrx_word' id='word_1_121' title='bbox 803 2877 1142 2940; x_wconf 87' lang='lat' dir='ltr'><strong>municent.</strong></span> 
     </span>
    </p>

    <p class='ocr_par' dir='ltr' id='par_1_13' title="bbox 731 2977 2803 3150">
     <span class='ocr_line' id='line_1_21' title="bbox 731 2977 2803 3062; baseline 0.001 -16"><span class='ocrx_word' id='word_1_122' title='bbox 731 2979 910 3062; x_wconf 78' lang='lat' dir='ltr'><strong>Quod</strong></span> <span class='ocrx_word' id='word_1_123' title='bbox 953 3003 1090 3046; x_wconf 90' lang='lat' dir='ltr'><strong>non</strong></span> <span class='ocrx_word' id='word_1_124' title='bbox 1131 2979 1484 3046; x_wconf 84' lang='lat' dir='ltr'><strong>intendant</strong></span> <span class='ocrx_word' id='word_1_125' title='bbox 1547 2979 1995 3060; x_wconf 60' lang='lat' dir='ltr'><strong>histrionibus</strong></span> <span class='ocrx_word' id='word_1_126' title='bbox 2040 2985 2159 3048; x_wconf 89' lang='lat' dir='ltr'><strong>aut</strong></span> <span class='ocrx_word' id='word_1_127' title='bbox 2190 2979 2425 3046; x_wconf 89' lang='lat' dir='ltr'><strong>ludant</strong></span> <span class='ocrx_word' id='word_1_128' title='bbox 2442 2977 2467 3018; x_wconf 71' lang='lat'><em>4</em></span> <span class='ocrx_word' id='word_1_129' title='bbox 2500 2981 2587 3048; x_wconf 89' lang='lat' dir='ltr'><strong>ad</strong></span> <span class='ocrx_word' id='word_1_130' title='bbox 2628 2981 2803 3048; x_wconf 85' lang='lat' dir='ltr'><strong>aleas</strong></span> 
     </span>
     <span class='ocr_line' id='line_1_22' title="bbox 799 3083 1122 3150; baseline 0 0"><span class='ocrx_word' id='word_1_131' title='bbox 799 3085 904 3150; x_wconf 76' lang='lat' dir='ltr'><strong>vel</strong></span> <span class='ocrx_word' id='word_1_132' title='bbox 941 3083 1122 3150; x_wconf 71' lang='lat' dir='ltr'><strong>talos</strong></span> 
     </span>
    </p>

    <p class='ocr_par' dir='ltr' id='par_1_14' title="bbox 725 3185 2799 3378">
     <span class='ocr_line' id='line_1_23' title="bbox 725 3185 2799 3276; baseline 0.001 -24"><span class='ocrx_word' id='word_1_133' title='bbox 725 3185 902 3266; x_wconf 79' lang='lat' dir='ltr'><strong>Quod</strong></span> <span class='ocrx_word' id='word_1_134' title='bbox 943 3188 1154 3254; x_wconf 86' lang='lat' dir='ltr'><strong>clerici</strong></span> <span class='ocrx_word' id='word_1_135' title='bbox 1199 3209 1380 3252; x_wconf 90' lang='lat' dir='ltr'><strong>arma</strong></span> <span class='ocrx_word' id='word_1_136' title='bbox 1421 3209 1556 3252; x_wconf 89' lang='lat' dir='ltr'><strong>non</strong></span> <span class='ocrx_word' id='word_1_137' title='bbox 1601 3191 1880 3276; x_wconf 85' lang='lat' dir='ltr'><strong>portent,</strong></span> <span class='ocrx_word' id='word_1_138' title='bbox 1929 3189 2043 3256; x_wconf 83' lang='lat' dir='ltr'><strong>sed</strong></span> <span class='ocrx_word' id='word_1_139' title='bbox 2110 3187 2397 3254; x_wconf 87' lang='lat' dir='ltr'><strong>habeant</strong></span> <span class='ocrx_word' id='word_1_140' title='bbox 2464 3195 2799 3258; x_wconf 86' lang='lat' dir='ltr'><strong>tonsuram</strong></span> 
     </span>
     <span class='ocr_line' id='line_1_24' title="bbox 803 3289 1612 3378; baseline 0.005 -22"><span class='ocrx_word' id='word_1_141' title='bbox 803 3289 1052 3358; x_wconf 86' lang='lat' dir='ltr'><strong>habitui</strong></span> <span class='ocrx_word' id='word_1_142' title='bbox 1099 3295 1560 3378; x_wconf 79' lang='lat' dir='ltr'><strong>congruentem</strong></span> <span class='ocrx_word' id='word_1_143' title='bbox 1571 3289 1612 3360; x_wconf 83' lang='lat'><strong>⁵.</strong></span> 
     </span>
    </p>

    <p class='ocr_par' dir='ltr' id='par_1_15' title="bbox 731 3393 2675 3486">
     <span class='ocr_line' id='line_1_25' title="bbox 731 3393 2675 3486; baseline 0.002 -26"><span class='ocrx_word' id='word_1_144' title='bbox 731 3393 910 3474; x_wconf 80' lang='lat' dir='ltr'><strong>Quod</strong></span> <span class='ocrx_word' id='word_1_145' title='bbox 953 3395 1172 3460; x_wconf 86' lang='lat' dir='ltr'><strong>nullus</strong></span> <span class='ocrx_word' id='word_1_146' title='bbox 1217 3395 1454 3460; x_wconf 88' lang='lat' dir='ltr'><strong>habeat</strong></span> <span class='ocrx_word' id='word_1_147' title='bbox 1497 3393 1718 3480; x_wconf 85' lang='lat' dir='ltr'><strong>plures</strong></span> <span class='ocrx_word' id='word_1_148' title='bbox 1761 3417 1947 3462; x_wconf 83' lang='lat' dir='ltr'><strong>curas</strong></span> <span class='ocrx_word' id='word_1_149' title='bbox 1994 3397 2133 3462; x_wconf 86' lang='lat' dir='ltr'><strong>sine</strong></span> <span class='ocrx_word' id='word_1_150' title='bbox 2178 3397 2675 3486; x_wconf 87' lang='lat' dir='ltr'><strong>dispensatione.</strong></span> 
     </span>
    </p>

    <p class='ocr_par' dir='ltr' id='par_1_16' title="bbox 729 3499 2803 3668">
     <span class='ocr_line' id='line_1_26' title="bbox 729 3499 2803 3588; baseline 0.002 -24"><span class='ocrx_word' id='word_1_151' title='bbox 729 3499 908 3580; x_wconf 74' lang='lat' dir='ltr'><strong>Quod</strong></span> <span class='ocrx_word' id='word_1_152' title='bbox 971 3499 1094 3564; x_wconf 84' lang='lat' dir='ltr'><strong>filii</strong></span> <span class='ocrx_word' id='word_1_153' title='bbox 1157 3499 1454 3588; x_wconf 83' lang='lat' dir='ltr'><strong>proximo</strong></span> <span class='ocrx_word' id='word_1_154' title='bbox 1497 3501 2021 3568; x_wconf 85' lang='lat' dir='ltr'><strong>ministrantium</strong></span> <span class='ocrx_word' id='word_1_155' title='bbox 2090 3501 2433 3570; x_wconf 85' lang='lat' dir='ltr'><strong>dimittant</strong></span> <span class='ocrx_word' id='word_1_156' title='bbox 2490 3501 2803 3570; x_wconf 86' lang='lat' dir='ltr'><strong>beneficia</strong></span> 
     </span>
     <span class='ocr_line' id='line_1_27' title="bbox 803 3625 926 3668; baseline 0 0"><span class='ocrx_word' id='word_1_157' title='bbox 803 3625 926 3668; x_wconf 85' lang='lat' dir='ltr'><strong>sua.</strong></span> 
     </span>
    </p>

    <p class='ocr_par' dir='ltr' id='par_1_17' title="bbox 727 3703 2649 3784">
     <span class='ocr_line' id='line_1_28' title="bbox 727 3703 2649 3784; baseline 0.003 -14"><span class='ocrx_word' id='word_1_158' title='bbox 727 3703 904 3784; x_wconf 75' lang='lat' dir='ltr'><strong>Quod</strong></span> <span class='ocrx_word' id='word_1_159' title='bbox 947 3709 1346 3772; x_wconf 85' lang='lat' dir='ltr'><strong>sacramenta</strong></span> <span class='ocrx_word' id='word_1_160' title='bbox 1389 3711 1508 3770; x_wconf 89' lang='lat' dir='ltr'><strong>aut</strong></span> <span class='ocrx_word' id='word_1_161' title='bbox 1551 3709 2043 3776; x_wconf 81' lang='lat' dir='ltr'><strong>sacramentalia</strong></span> <span class='ocrx_word' id='word_1_162' title='bbox 2088 3731 2221 3774; x_wconf 90' lang='lat' dir='ltr'><strong>non</strong></span> <span class='ocrx_word' id='word_1_163' title='bbox 2262 3709 2649 3776; x_wconf 83' lang='lat' dir='ltr'><strong>vendantur.</strong></span> 
     </span>
    </p>

    <p class='ocr_par' dir='ltr' id='par_1_18' title="bbox 729 3807 2797 3978">
     <span class='ocr_line' id='line_1_29' title="bbox 729 3807 2797 3900; baseline 0.002 -28"><span class='ocrx_word' id='word_1_164' title='bbox 729 3807 908 3888; x_wconf 77' lang='lat' dir='ltr'><strong>Quod</strong></span> <span class='ocrx_word' id='word_1_165' title='bbox 953 3809 1316 3876; x_wconf 82' lang='lat' dir='ltr'><strong>sacerdotes</strong></span> <span class='ocrx_word' id='word_1_166' title='bbox 1359 3831 1496 3874; x_wconf 88' lang='lat' dir='ltr'><strong>non</strong></span> <span class='ocrx_word' id='word_1_167' title='bbox 1537 3809 1890 3900; x_wconf 84' lang='lat' dir='ltr'><strong>injungant</strong></span> <span class='ocrx_word' id='word_1_168' title='bbox 1956 3813 2377 3900; x_wconf 89' lang='lat' dir='ltr'><strong>poenitentias</strong></span> <span class='ocrx_word' id='word_1_169' title='bbox 2422 3835 2505 3876; x_wconf 83' lang='lat' dir='ltr'><strong>ex</strong></span> <span class='ocrx_word' id='word_1_170' title='bbox 2550 3813 2797 3900; x_wconf 83' lang='lat' dir='ltr'><strong>cupidi-</strong></span> 
     </span>
     <span class='ocr_line' id='line_1_30' title="bbox 803 3917 946 3978; baseline 0 0"><span class='ocrx_word' id='word_1_171' title='bbox 803 3917 946 3978; x_wconf 83' lang='lat' dir='ltr'><strong>tate.</strong></span> 
     </span>
    </p>

    <p class='ocr_par' dir='ltr' id='par_1_19' title="bbox 731 4013 2799 4200">
     <span class='ocr_line' id='line_1_31' title="bbox 731 4013 2799 4096; baseline 0.002 -16"><span class='ocrx_word' id='word_1_172' title='bbox 731 4013 912 4096; x_wconf 76' lang='lat' dir='ltr'><strong>Quod</strong></span> <span class='ocrx_word' id='word_1_173' title='bbox 953 4017 1208 4082; x_wconf 86' lang='lat' dir='ltr'><strong>diaconi</strong></span> <span class='ocrx_word' id='word_1_174' title='bbox 1251 4041 1382 4084; x_wconf 87' lang='lat' dir='ltr'><strong>non</strong></span> <span class='ocrx_word' id='word_1_175' title='bbox 1427 4017 1704 4086; x_wconf 88' lang='lat' dir='ltr'><strong>audiant</strong></span> <span class='ocrx_word' id='word_1_176' title='bbox 1747 4019 2171 4086; x_wconf 87' lang='lat' dir='ltr'><strong>confessiones</strong></span> <span class='ocrx_word' id='word_1_177' title='bbox 2234 4023 2355 4086; x_wconf 87' lang='lat' dir='ltr'><strong>aut</strong></span> <span class='ocrx_word' id='word_1_178' title='bbox 2396 4023 2799 4086; x_wconf 83' lang='lat' dir='ltr'><strong>sacramenta</strong></span> 
     </span>
     <span class='ocr_line' id='line_1_32' title="bbox 801 4119 2221 4200; baseline 0.003 -18"><span class='ocrx_word' id='word_1_179' title='bbox 801 4119 1184 4200; x_wconf 80' lang='lat' dir='ltr'><strong>ministrent,</strong></span> <span class='ocrx_word' id='word_1_180' title='bbox 1233 4121 1382 4186; x_wconf 84' lang='lat' dir='ltr'><strong>solis</strong></span> <span class='ocrx_word' id='word_1_181' title='bbox 1425 4123 1866 4188; x_wconf 85' lang='lat' dir='ltr'><strong>sacerdotibus</strong></span> <span class='ocrx_word' id='word_1_182' title='bbox 1911 4143 2221 4188; x_wconf 86' lang='lat' dir='ltr'><strong>concessa.</strong></span> 
     </span>
    </p>

    <p class='ocr_par' dir='ltr' id='par_1_20' title="bbox 729 4221 2637 4314">
     <span class='ocr_line' id='line_1_33' title="bbox 729 4221 2637 4314; baseline 0 -24"><span class='ocrx_word' id='word_1_183' title='bbox 729 4221 908 4302; x_wconf 73' lang='lat' dir='ltr'><strong>Quod</strong></span> <span class='ocrx_word' id='word_1_184' title='bbox 951 4223 1348 4304; x_wconf 83' lang='lat' dir='ltr'><strong>ordinentur,</strong></span> <span class='ocrx_word' id='word_1_185' title='bbox 1395 4227 1752 4292; x_wconf 85' lang='lat' dir='ltr'><strong>secundum</strong></span> <span class='ocrx_word' id='word_1_186' title='bbox 1799 4227 2197 4314; x_wconf 75' lang='lat' dir='ltr'><strong>exigentia-m</strong></span> <span class='ocrx_word' id='word_1_187' title='bbox 2240 4247 2373 4292; x_wconf 84' lang='lat' dir='ltr'><strong>suae</strong></span> <span class='ocrx_word' id='word_1_188' title='bbox 2418 4221 2637 4292; x_wconf 64' lang='lat' dir='ltr'><strong>curaess.</strong></span> 
     </span>
    </p>
   </div>
   <div class='ocr_carea' id='block_1_3' title="bbox 721 4447 2799 4760">
    <p class='ocr_par' dir='ltr' id='par_1_21' title="bbox 781 4447 2799 4518">
     <span class='ocr_line' id='line_1_34' title="bbox 781 4447 2799 4518; baseline 0 -18"><span class='ocrx_word' id='word_1_189' title='bbox 781 4449 794 4480; x_wconf 82' lang='lat'>¹</span> <span class='ocrx_word' id='word_1_190' title='bbox 827 4449 968 4518; x_wconf 78' lang='lat' dir='ltr'><strong>mali]</strong></span> <span class='ocrx_word' id='word_1_191' title='bbox 1005 4449 1150 4512; x_wconf 85' lang='lat' dir='ltr'><strong>mala,</strong></span> <span class='ocrx_word' id='word_1_192' title='bbox 1175 4449 1282 4502; x_wconf 80' lang='lat' dir='ltr'><strong>sid.</strong></span> <span class='ocrx_word' id='word_1_193' title='bbox 1865 4449 1884 4478; x_wconf 78' lang='lat'>⁵</span> <span class='ocrx_word' id='word_1_194' title='bbox 1915 4449 2105 4500; x_wconf 73' lang='lat' dir='ltr'><strong>habitui</strong></span> <span class='ocrx_word' id='word_1_195' title='bbox 2122 4449 2481 4516; x_wconf 67' lang='lat' dir='ltr'><strong>congruentem]</strong></span> <span class='ocrx_word' id='word_1_196' title='bbox 2508 4455 2559 4500; x_wconf 86' lang='lat' dir='ltr'><strong>et</strong></span> <span class='ocrx_word' id='word_1_197' title='bbox 2574 4447 2799 4500; x_wconf 79' lang='lat' dir='ltr'><strong>habitum</strong></span> 
     </span>
    </p>

    <p class='ocr_par' dir='ltr' id='par_1_22' title="bbox 779 4527 2593 4596">
     <span class='ocr_line' id='line_1_35' title="bbox 779 4527 2593 4596; baseline -0.001 -14"><span class='ocrx_word' id='word_1_198' title='bbox 779 4531 798 4562; x_wconf 78' lang='lat'><em>²</em></span> <span class='ocrx_word' id='word_1_199' title='bbox 827 4529 966 4592; x_wconf 79' lang='lat' dir='ltr'><strong>Quod</strong></span> <span class='ocrx_word' id='word_1_200' title='bbox 987 4569 1000 4582; x_wconf 89' lang='lat'><strong>.</strong></span> <span class='ocrx_word' id='word_1_201' title='bbox 1033 4567 1046 4582; x_wconf 94' lang='lat'><strong>.</strong></span> <span class='ocrx_word' id='word_1_202' title='bbox 1085 4567 1096 4580; x_wconf 91' lang='lat'><strong>.</strong></span> <span class='ocrx_word' id='word_1_203' title='bbox 1121 4531 1336 4596; x_wconf 74' lang='lat' dir='ltr'><strong>usuarii]</strong></span> <span class='ocrx_word' id='word_1_204' title='bbox 1373 4545 1472 4582; x_wconf 87' lang='lat' dir='ltr'><strong>om.</strong></span> <span class='ocrx_word' id='word_1_205' title='bbox 1495 4529 1698 4580; x_wconf 80' lang='lat' dir='ltr'><strong>Brown.</strong></span> <span class='ocrx_word' id='word_1_206' title='bbox 1799 4539 2139 4596; x_wconf 60' lang='lat' dir='ltr'><strong>congruentes</strong></span> <span class='ocrx_word' id='word_1_207' title='bbox 2166 4527 2367 4590; x_wconf 83' lang='lat' dir='ltr'><strong>C.C.C.‚</strong></span> <span class='ocrx_word' id='word_1_208' title='bbox 2386 4529 2593 4580; x_wconf 83' lang='lat' dir='ltr'><strong>Brown.</strong></span> 
     </span>
    </p>

    <p class='ocr_par' dir='ltr' id='par_1_23' title="bbox 721 4609 2799 4760">
     <span class='ocr_line' id='line_1_36' title="bbox 779 4609 2799 4680; baseline 0 -18"><span class='ocrx_word' id='word_1_209' title='bbox 779 4613 796 4644; x_wconf 80' lang='lat'><strong>³</strong></span> <span class='ocrx_word' id='word_1_210' title='bbox 827 4611 948 4662; x_wconf 76' lang='lat' dir='ltr'><strong>unde</strong></span> <span class='ocrx_word' id='word_1_211' title='bbox 971 4649 984 4662; x_wconf 92' lang='lat'><strong>.</strong></span> <span class='ocrx_word' id='word_1_212' title='bbox 1019 4649 1032 4662; x_wconf 90' lang='lat'><strong>.</strong></span> <span class='ocrx_word' id='word_1_213' title='bbox 1067 4649 1080 4662; x_wconf 91' lang='lat'><strong>.</strong></span> <span class='ocrx_word' id='word_1_214' title='bbox 1117 4651 1130 4662; x_wconf 95' lang='lat'><strong>.</strong></span> <span class='ocrx_word' id='word_1_215' title='bbox 1153 4611 1442 4676; x_wconf 75' lang='lat' dir='ltr'><strong>ratiocinia]</strong></span> <span class='ocrx_word' id='word_1_216' title='bbox 1511 4611 1700 4662; x_wconf 80' lang='lat' dir='ltr'><strong>Brown</strong></span> <span class='ocrx_word' id='word_1_217' title='bbox 1865 4611 1884 4638; x_wconf 80' lang='lat'><strong><em>⁶</em></strong></span> <span class='ocrx_word' id='word_1_218' title='bbox 1919 4611 2205 4676; x_wconf 74' lang='lat' dir='ltr'><strong>exiqentiam</strong></span> <span class='ocrx_word' id='word_1_219' title='bbox 2226 4627 2327 4660; x_wconf 77' lang='lat' dir='ltr'><strong>suoe</strong></span> <span class='ocrx_word' id='word_1_220' title='bbox 2350 4609 2505 4680; x_wconf 80' lang='lat' dir='ltr'><strong>curae]</strong></span> <span class='ocrx_word' id='word_1_221' title='bbox 2546 4623 2649 4660; x_wconf 83' lang='lat' dir='ltr'><strong>suae</strong></span> <span class='ocrx_word' id='word_1_222' title='bbox 2664 4623 2799 4664; x_wconf 65' lang='grc' dir='ltr'><strong>ουτω</strong></span> 
     </span>
     <span class='ocr_line' id='line_1_37' title="bbox 721 4689 2135 4760; baseline -0.004 -12"><span class='ocrx_word' id='word_1_223' title='bbox 721 4697 834 4756; x_wconf 78' lang='lat' dir='ltr'><strong>adds</strong></span> <span class='ocrx_word' id='word_1_224' title='bbox 853 4695 950 4746; x_wconf 78' lang='lat' dir='ltr'><strong>this</strong></span> <span class='ocrx_word' id='word_1_225' title='bbox 971 4701 1024 4746; x_wconf 90' lang='lat' dir='ltr'><strong>to</strong></span> <span class='ocrx_word' id='word_1_226' title='bbox 1043 4693 1132 4746; x_wconf 83' lang='lat' dir='ltr'><strong>the</strong></span> <span class='ocrx_word' id='word_1_227' title='bbox 1151 4693 1384 4760; x_wconf 83' lang='lat' dir='ltr'><strong>previous</strong></span> <span class='ocrx_word' id='word_1_228' title='bbox 1405 4691 1550 4744; x_wconf 83' lang='lat' dir='ltr'><strong>head.</strong></span> <span class='ocrx_word' id='word_1_229' title='bbox 1799 4689 2013 4754; x_wconf 78' lang='lat' dir='ltr'><strong>ordineS,</strong></span> <span class='ocrx_word' id='word_1_230' title='bbox 2030 4689 2135 4746; x_wconf 78' lang='lat' dir='ltr'><strong>sid.</strong></span> 
     </span>
    </p>
   </div>
   <div class='ocr_carea' id='block_1_4' title="bbox 779 4773 1286 4852">
    <p class='ocr_par' dir='ltr' id='par_1_24' title="bbox 779 4773 1286 4852">
     <span class='ocr_line' id='line_1_38' title="bbox 779 4773 1286 4852; baseline 0 -22"><span class='ocrx_word' id='word_1_231' title='bbox 779 4781 798 4820; x_wconf 68' lang='lat'><strong>⁴</strong></span> <span class='ocrx_word' id='word_1_232' title='bbox 831 4777 1022 4852; x_wconf 77' lang='lat' dir='ltr'><strong>ludant]</strong></span> <span class='ocrx_word' id='word_1_233' title='bbox 1061 4791 1156 4828; x_wconf 86' lang='lat' dir='ltr'><strong>om.</strong></span> <span class='ocrx_word' id='word_1_234' title='bbox 1183 4773 1286 4830; x_wconf 82' lang='lat' dir='ltr'><strong>Sid.</strong></span> 
     </span>
    </p>
   </div>
  </div>
 </body>
</html>
