3875 5734
791 1311 820 1360 2
845 1295 1028 1346 Chron.

785 1365 896 1434 xix.
923 1369 944 1412 1
957 1371 1002 1428 1,
1021 1361 1096 1412 10.

781 3805 830 3858 S.
855 3807 1062 3858 Hieron.

779 3875 890 3926 adv,
913 3875 950 3926 J
951 3873 1058 3924 ovi-

775 3941 998 4004 manum,

777 4007 862 4058 lib.
887 4011 938 4062 ii.
965 4009 996 4076 ξ
1017 4015 1090 4062 12.

781 4075 908 4140 Opp.
929 4077 984 4128 ii.

781 4147 896 4198 342.

1115 773 1244 838 208
1753 771 2043 822 ROBERTI
2088 767 2557 822 GROSSETESTE.

1119 957 1544 1044 occuparent3
1591 953 1658 1018 et
1717 951 2035 1040 tanquam
2070 951 2151 1020 ‘si
2216 973 2369 1018 aves
2436 949 2595 1034 caeli,
2640 949 2865 1018 relicta
2926 951 3169 1042 regione

1119 1057 1446 1150 superiori,
1493 1057 1726 1124 fierent
1769 1081 1916 1124 cum
1962 1059 2157 1148 talpis
2202 1059 2271 1126 in
2318 1057 2605 1126 obscuris
2646 1065 2853 1140 terrae,
2898 1059 3169 1146 ejusdem

1119 1169 1310 1230 terrae
1405 1163 1792 1230 suffossores.
1913 1161 2001 1232 In
2064 1167 2235 1232 libro
2300 1165 2837 1254 Paralipomenon
2906 1167 3169 1232 seeundo

1119 1269 1458 1338 Amat-ias
1503 1269 1804 1338 sacerdos
1849 1277 1906 1338 et
1956 1271 2267 1360 pontifiex
2334 1271 2759 1338 constituitur
2818 1293 3045 1360 praeses
3094 1271 3171 1340 in

1119 1375 1228 1444 his
1271 1399 1418 1466 quoe
1451 1377 1544 1446 ad
1589 1377 1812 1446 Deum
1847 1377 2197 1466 pertinent
2220 1401 2247 1458 ,·
2290 1381 2373 1444 ut
2416 1377 2781 1446 ostenderet
2824 1377 3167 1458 veritatem,

1117 1481 1506 1572 ubicunque
1547 1481 1826 1572 quoestio
1871 1491 2015 1550 crat
2060 1483 2141 1550 de
2188 1481 2337 1570 3393,
2376 1483 2457 1550 de
2502 1483 2843 1564 mandam,
2880 1481 2957 1548 de
2978 1483 3167 1550 ’6081νὶ-

1117 1587 1390 1668 moniiS,
1451 1595 1510 1656 et
1557 1587 2181 1678 justificationibus,
2288 1587 2511 1656 Porro
2584 1587 2931 1666 zabadias,
2982 1587 3171 1676 filius

1119 1693 1388 1776 lamuel,
1421 1691 1548 1782 qui
1595 1701 1738 1764 erat
1785 1693 1932 1762 dum
1984 1693 2071 1760 in
2120 1693 2313 1762 domo
2354 1693 2413 1762 J
2406 1691 2567 1778 uda,
2616 1715 2817 1782 saper
2860 1715 2933 1760 ea
2986 1715 3169 1782 opera

1119 1807 1274 1880 emt,
1315 1823 1466 1888 quoe
1511 1799 1606 1866 ad
1637 1799 1808 1888 remis
1859 1797 2155 1886 officium
2178 1799 2623 1888 pertinebant.
2714 1801 2797 1866 In
2838 1799 2937 1866 his
2980 1797 3169 1888 igitur

1121 1905 1390 1986 duobuS,
1439 1927 1718 1992 quorum
1763 1905 1928 1972 alter
1992 1911 2133 1970 erat
2178 1905 2261 1970 de
2328 1927 2559 1994 genere
2604 1905 2991 1984 sacerdotali,
3034 1905 3167 1970 reli-

1119 2033 1286 2098 quus
1351 2033 1508 2076 vero
1575 2011 1654 2076 de
1721 2009 1900 2076 tribu
1964 2009 2345 2098 Benjamin,
2390 2011 2547 2076 satis
2608 2009 3051 2076 manifestatur
3102 2031 3171 2076 ea

1119 2115 1380 2204 negotia
1421 2139 1570 2202 quae
1615 2115 1700 2180 ad
1747 2115 1963 2182 Deum
1992 2115 2343 2204 pertinent,
2372 2115 2689 2182 tradenda
2732 2139 2863 2182 esse
2904 2115 3167 2202 personis

1119 2221 1580 2300 ecelesiasticiS,
1627 2243 1702 2286 ea
1745 2241 1898 2286 vero
1964 2241 2109 2308 quae
2176 2219 2263 2286 ad
2318 2221 2621 2302 seculum,
2664 2219 2949 2310 personis
3006 2241 3165 2286 secu—

1117 2325 1364 2392 laribus
1393 2349 1408 2406 3
1453 2325 1630 2392 unde
1675 2325 1846 2392 sicut
1889 2325 2049 2392 dicit
2096 2325 2141 2392 J
2144 2325 2487 2404 eronimuS,
2538 2331 2573 2360 “
2592 2325 2721 2392 duo
2764 2331 2913 2390 sunt
2954 2349 3167 2412 genera

1121 2439 1158 2468 “
1205 2431 1762 2510 Christianorum3
1815 2433 1914 2496 est
1958 2435 2181 2496 autem
2246 2453 2451 2496 unum
2510 2451 2715 2518 genus
2778 2429 2947 2518 quod
3004 2451 3167 2494 man-

1121 2543 1160 2572 “
1203 2535 1492 2624 eipatum
1551 2535 1776 2602 divino
1819 2533 2027 2602 officio
2074 2541 2141 2602 et
2184 2535 2487 2600 deditum
2532 2535 3045 2622 contemplationi
3106 2539 3165 2602 et

1119 2649 1158 2678 “
1201 2641 1496 2722 orationi,
1541 2639 1628 2706 ab
1673 2641 1850 2706 omni
1913 2641 2193 2728 strepitu
2238 2639 2693 2730 temporalium
2758 2661 2991 2706 cessare
3030 2661 3163 2706 con-

1121 2753 1158 2784 “
1199 2747 1400 2826 venit,
1431 2751 1514 2814 ut
1557 2751 1714 2812 sunt
1745 2745 1957 2810 clerici
1986 2751 2053 2810 et
2084 2745 2225 2812 Deo
2268 2745 2509 2826 devoti,
2540 2745 2853 2812 videlicet-
2886 2745 3165 2814 conversi.

1117 2857 1156 2886 “
1201 2851 1406 2916 Aliud
1433 2871 1588 2916 vero
1617 2871 1818 2938 genus
1851 2855 1949 2916 est
1982 2849 2521 2934 Christianorum,
2554 2855 2631 2916 ut
2662 2855 2815 2916 sunt
2856 2853 3033 2934 laici3
3072 2851 3165 2916 his

1119 2963 1158 2992 “
1199 2977 1568 3020 concessum
1631 2961 1730 3020 est
1793 2977 2067 3020 uxorem
2136 2955 2385 3036 ducere,
2450 2961 2689 3022 terram
2752 2955 2967 3036 colere,
3008 2955 3165 3020 inter

1119 3065 1158 3096 “
1201 3057 1418 3126 virum
1495 3063 1562 3126 et
1633 3059 1850 3126 virum
1917 3057 2235 3144 judicare,
2302 3083 2525 3126 causas
2592 3059 2835 3148 agere.''
2920 3059 3003 3126 In
3056 3061 3165 3126 hac

1115 3165 1340 3252 itaque
1385 3165 1798 3230 distinctione
1861 3169 2043 3252 patet
2106 3165 2281 3252 quod
2334 3165 2655 3252 judicium
2700 3165 2971 3232 seculare
3010 3165 3167 3232 inter

1115 3269 1334 3334 virum
1379 3273 1446 3334 et
1489 3269 1706 3334 virum
1753 3273 1820 3336 et
1865 3271 2037 3336 actio
2082 3293 2421 3336 causarum
2466 3271 2863 3348 secularium,
2908 3267 3015 3360 (de
3074 3269 3165 3334 his

1115 3373 1294 3440 enim
1367 3379 1616 3440 certum
1691 3379 1790 3440 est
1837 3373 1886 3440 J
1889 3375 2249 3440 eronimum
2318 3375 2719 3462 intendisse),
2794 3375 3163 3442 solummodo

1121 3479 1302 3546 laicis
1361 3479 1686 3546 attributa
1733 3485 1904 3560 sunt,
1956 3481 2309 3570 segregatis
2358 3481 2597 3548 clericis
2640 3485 2707 3546 et
2750 3481 2889 3546 Deo
2932 3481 3165 3546 devotis

1113 3585 1196 3648 ab
1229 3585 1580 3650 eorundem
1611 3585 2043 3672 occupatione.
2138 3585 2229 3650 Et
2260 3607 2375 3650 cur
2400 3609 2531 3650 non
2562 3585 2803 3672 pudeat
2832 3585 3165 3650 sacerdotes

1119 3689 1526 3758 Christianos
1601 3689 1995 3756 secularibus
2062 3691 2343 3778 negotiis
2402 3689 2737 3778 implicari,
2806 3711 2943 3756 cum
3016 3691 3167 3756 sicut

1117 3801 1344 3860 narrat
1387 3793 1434 3860 J
1437 3795 1762 3862 eronimus
1805 3817 1888 3860 ex
1917 3795 2235 3860 relatione
2280 3801 2315 3830 “
2338 3795 2771 3862 Chaeremonis
2814 3795 3009 3874 stoici,
3052 3795 3169 3862 viri

1119 3907 1156 3936 “
1201 3899 1730 3986 eloquentissimi,
1773 3901 1918 3966 vita
1962 3901 2385 3986 antiquorum
2444 3901 2843 3966 sacerdotum
2886 3901 3171 3986 supersti-

1115 4013 1150 4044 “
1193 4007 1510 4072 tiosorum
1543 4005 1820 4094 AEgypti
1865 4005 2019 4070 talis
2064 4005 2211 4086 fuit,
2260 4003 2433 4092 quod
2466 4005 2763 4072 omnibus
2806 4005 3027 4070 mundi
3070 4027 3169 4072 ne-

1119 4117 1154 4148 “
1197 4109 1398 4198 gotiis
1441 4109 1738 4196 curisque
1781 4109 2175 4198 postpositiS,
2226 4131 2479 4196 semper
2520 4109 2595 4174 in
2636 4109 2877 4196 templo
2922 4107 3165 4188 fuerint,

1115 4221 1150 4252 “
1195 4219 1266 4280 et
1337 4235 1556 4278 rerum
1629 4219 1896 4278 naturas
1964 4233 2329 4298 causasque,
2406 4233 2481 4278 ac
2550 4215 2833 4278 rationes
2904 4213 3169 4278 siderum

1113 4325 1152 4354 “
1195 4316 1616 4404 contemplati
1677 4317 1868 4382 sint.’'
1958 4317 2295 4398 Quomodo
2340 4317 2543 4404 igitur
2602 4341 2733 4384 non
2798 4323 2947 4382 sunt
3006 4341 3171 4382 scan-

1113 4421 1336 4486 dalum
1379 4419 1662 4486 ecelesiae
1709 4419 1955 4486 Christi
2020 4421 2379 4488 sacerdotes
2426 4419 2793 4498 Christiani,
2844 4443 2997 4508 quos
3048 4443 3171 4488 non

1115 4523 1322 4612 pudet
1363 4521 1568 4590 facere
1615 4523 1786 4610 quod
1849 4527 2205 4590 sacerdotes
2264 4525 2539 4612 gentiles
2592 4525 2967 4610 judicarunt
3006 4527 3171 4590 nefa-s

1117 4631 1560 4712 attemptare?
1673 4627 1746 4692 Si
1819 4627 2025 4716 igitur
2098 4629 2463 4694 membrum
2534 4631 2703 4716 quod
2778 4629 3171 4706 scandalizat,

1117 4731 1592 4818 amputandum
1667 4735 1786 4812 est,
1865 4731 2025 4820 quid
2098 4733 2169 4798 hi
2246 4731 2539 4800 districto
2604 4733 2849 4818 judicio
2910 4735 3033 4800 nisi
3096 4731 3171 4796 ab
