3875 5734
1613 829 1973 880 EPISTOLAE.
2720 815 2853 886 327

765 1003 836 1068 in
899 1001 1176 1090 propria,
1241 1003 1556 1090 proxima,
1605 1009 1674 1068 et
1735 1005 2123 1092 principalia
2184 1005 2473 1070 membra
2532 1005 2743 1092 primo
2788 1009 2857 1068 et

765 1107 1132 1174 immediate
1177 1105 1476 1184 defluere,
1523 1131 1722 1194 quam
1767 1107 1840 1172 in
1871 1107 2187 1172 distantia
2232 1129 2349 1194 per
2390 1107 2579 1194 plura
2622 1107 2853 1170 media.

767 1211 1066 1300 Episcopi
1111 1215 1334 1276 autem
1379 1211 1772 1296 suffraganei
1835 1215 1995 1276 sunt
2024 1197 2027 1200 ’
2062 1209 2521 1296 archiepiscopi
2566 1209 2859 1274 membra

761 1315 1034 1404 propria,
1115 1315 1430 1402 proxima,
1487 1317 1556 1378 et
1631 1313 2055 1400 principalia3
2100 1311 2401 1376 monachi
2474 1335 2631 1378 vero
2720 1335 2857 1378 non

761 1419 1072 1496 similiter,
1179 1415 1292 1482 sed
1379 1415 1678 1502 pluribus
1769 1415 2129 1500 interjectis
2220 1415 2451 1480 mediis
2540 1415 2623 1478 ab
2712 1417 2857 1502 ipso

763 1521 1094 1608 sejuncta3
1137 1521 1290 1584 licet
1359 1521 1532 1584 enim
1609 1521 2069 1584 concederetur
2142 1515 2319 1602 quod
2392 1517 2857 1584 monachorum

767 1629 1122 1690 conventus
1197 1627 1364 1690 esset
1455 1623 1920 1710 archiepiscopi
2010 1623 2383 1710 proximum
2472 1621 2853 1702 membrum,

765 1727 1112 1794 secundum
1157 1727 1334 1812 quod
1377 1727 1514 1812 ipse
1547 1731 1646 1790 cst
1687 1749 1824 1792 suae
1867 1725 2145 1812 propriae
2178 1725 2473 1790 dioecesis
2502 1725 2855 1812 episcopus

763 1831 934 1914 quod
1001 1835 1224 1894 tamen
1283 1851 1418 1894 non
1481 1829 1800 1908 concedit,
1843 1833 1922 1894 ut
1986 1827 2321 1908 credimus„
2368 1827 2859 1894 archidiaconus

765 1931 1264 2010 Cantuariensis,
1313 1933 1496 1998 nullo
1525 1937 1752 1998 tamen
1779 1933 1977 1998 modo
2004 1937 2271 2020 propter
2316 1931 2439 1998 hoc
2482 1937 2859 2018 sequeretur

763 2035 934 2120 quod
963 2035 1138 2100 idem
1183 2039 1544 2100 conventus
1575 2041 1742 2100 esset
1771 2035 1826 2122 ej
1835 2037 2061 2100 usdem
2092 2037 2457 2100 membrum
2484 2037 2859 2122 proximum

761 2163 872 2202 seu
915 2139 1282 2226 principale,
1333 2139 1688 2202 secundum
1733 2139 1904 2224 quod
1970 2139 2105 2226 ipse
2152 2145 2251 2204 est
2296 2139 2577 2204 Archon
2618 2139 2859 2226 episco—

761 2263 1004 2328 porum.
1095 2241 1224 2306 His
1265 2241 1508 2328 itaque,
1541 2243 1596 2304 si
1641 2241 1870 2328 placet,
1903 2247 1975 2306 et
2016 2241 2409 2326 hujusmodi,
2460 2265 2607 2328 quae
2634 2247 2859 2308 vestra

761 2343 946 2408 novit
991 2345 1278 2408 eminens
1323 2345 1674 2430 prudentia
1717 2343 2075 2430 plurimum
2118 2343 2487 2424 efficaciora,
2536 2367 2673 2408 non
2716 2351 2857 2410 tam

755 2447 1010 2512 ‘intuitu
1053 2447 1484 2512 subveniendi
1527 2451 1770 2512 nostrae-
1817 2449 2097 2534 propriae
2140 2449 2421 2514 instanti
2466 2451 2857 2528 necessitati,

763 2573 956 2636 quam
1021 2571 1136 2638 pro
1205 2549 1484 2616 ecclesiae
1529 2549 1914 2636 Anglicanae
1980 2553 2273 2616 utilitate
2322 2553 2667 2630 communi,
2718 2551 2859 2640 dig-

763 2659 956 2718 netur
1019 2659 1238 2718 vestra
1301 2655 1662 2740 paternitas
1733 2655 1997 2718 domino
2054 2655 2249 2742 Papae
2326 2655 2611 2734 suadere,
2682 2657 2859 2740 quod

767 2757 1208 2844 episcoporum
1251 2757 1512 2844 Angliae
1577 2757 1989 2824 tribulationi
2054 2763 2121 2822 et
2176 2757 2525 2844 multiplici
2598 2781 2859 2846 oppres-

763 2861 928 2924 sioni
983 2861 1398 2946 compatiens,
1445 2861 1808 2926 remedium
1869 2861 2035 2926 velit
2096 2883 2463 2948 apponere3
2508 2861 2665 2946 quia
2708 2861 2857 2942 nisi,

767 2965 920 3048 (non
981 2965 1190 3030 solum
1239 2965 1418 3030 velut
1479 2965 1766 3044 nutanti,
1835 2965 1953 3030 sed
2008 2963 2269 3030 fortiter
2318 2965 2391 3028 in
2436 2985 2579 3030 cam
2622 2963 2859 3048 impin·

763 3069 1064 3150 gentibus
1109 3073 1246 3132 tam
1291 3069 1596 3132 secularis
1641 3069 1989 3156 potestatis
2052 3067 2443 3154 impulsibus
2506 3073 2575 3132 et
2638 3067 2863 3132 subdi-

767 3175 978 3236 torum
1021 3171 1496 3248 rebellionibus
1547 3195 1744 3258 quam
1791 3171 2209 3258 subpeditare
2254 3193 2401 3236 eam
2446 3171 2859 3236 molientium

759 3275 1178 3340 tumultuosis
1247 3279 1314 3338 et
1401 3275 1836 3340 fraudulentis
1909 3275 2253 3340 conatibus
2326 3273 2511 3338 velut
2598 3275 2859 3338 ruinam

757 3377 894 3462 jam
937 3379 1266 3464 minanti)
1319 3379 1666 3466 episcopali
1713 3377 2095 3444 auctoritati
2160 3379 2355 3444 citius
2400 3379 2665 3444 firmum
2708 3401 2859 3466 sup·

763 3487 1046 3568 ponatur
1131 3481 1604 3558 fulcimentum,
1697 3483 1987 3560 timetur,
2064 3503 2187 3546 nec
2260 3481 2605 3562 immerit0‚
2684 3483 2861 3566 quod

763 3585 988 3650 domus
1031 3585 1314 3650 ecclesiae
1373 3585 1778 3672 Anglicanae,
1841 3607 2037 3672 super
2096 3605 2241 3648 eam
2286 3589 2603 3670 tanquam
2670 3607 2863 3670 super

767 3689 1130 3752 columnam
1193 3689 1588 3774 praecipuam
1655 3687 1995 3768 aedificata,
2042 3687 2299 3774 patebit
2358 3687 2433 3750 in
2472 3687 2661 3754 brevi
2708 3709 2861 3750 con-

763 3791 1036 3856 cussioni
1081 3813 1216 3856 non
1243 3791 1556 3870 modicae3
1601 3795 1668 3856 et
1695 3791 1854 3876 'quia
1881 3789 2121 3856 sufficit
2166 3789 2565 3856 occasionem
2592 3795 2859 3856 tantum

761 3893 910 3958 dare
985 3895 1282 3980 sapienti,
1373 3893 1564 3958 vobis
1655 3913 1740 3958 ex
1829 3893 2075 3958 divinae
2148 3891 2517 3980 largitionis
2588 3915 2859 3960 munere

761 3995 1052 4082 praeditis
1105 3997 1356 4084 ingenii
1399 3997 1672 4062 vivacis.
1719 3995 2091 4074 acrimonia,
2136 3995 2511 4060 divinorum
2574 3997 2861 4082 eloquio-

763 4121 910 4164 rum
981 4101 1440 4186 intelligentia,
1517 4099 1862 4184 utriusque
1927 4099 2101 4184 juris
2176 4099 2415 4186 peritia
2486 4105 2557 4164 et
2632 4101 2861 4166 diserti

763 4203 1070 4268 sermonis
1113 4203 1418 4268 facundia
1461 4209 1530 4268 et
1573 4203 1646 4266 in
1691 4203 1973 4290 negotiis
2016 4203 2463 4268 ecclesiasticis
2504 4203 2861 4290 multiplici

761 4311 830 4372 et
917 4307 1176 4374 diutina
1249 4305 1670 4394 experientia,
1749 4305 1832 4372 de
1909 4307 2223 4392 praedicto
2322 4309 2587 4394 negotio
2668 4309 2861 4392 plura

763 4431 894 4474 non
939 4413 1290 4488 scribimus„
1323 4433 1406 4476 ne
1451 4411 1796 4476 videamur
1827 4409 2015 4494 quasi
2044 4409 2293 4476 facibus
2328 4411 2569 4496 juvare
2612 4411 2859 4490 solem3
2940 4401 2945 4406 ’

765 4515 874 4580 sed
917 4515 1084 4580 illud
1127 4515 1610 4602 expediendum
1653 4521 1890 4582 vestrae
1937 4515 2175 4602 saepius
2226 4513 2519 4602 probatae
2564 4513 2859 4580 sinceris·-
