3875 5734
1625 819 1983 866 EPISTOLAE.
2720 809 2847 878 173

773 991 1158 1060 obedientiae
1195 993 1550 1058 secundum
1595 995 1934 1060 canonicas
1980 995 2343 1060 sanctiones
2374 995 2593 1062 vocati
2636 1019 2679 1060 a
2718 1017 2853 1062 non

773 1119 884 1164 suo
947 1097 1184 1184 judice,
1269 1097 1616 1184 allegaturi
1693 1097 2115 1186 privilegium
2192 1099 2317 1164 fori
2388 1101 2491 1166 sui
2568 1101 2851 1164 debeant

775 1227 1146 1290 comparere.
1235 1203 1304 1266 N
1307 1225 1376 1268 ec
1421 1207 1730 1290 suggerat
1775 1203 2123 1290 quisquam
2168 1209 2407 1270 vestrae
2452 1203 2847 1282 discretioni,

775 1309 942 1396 quod
1013 1309 1318 1374 indecens
1391 1307 1480 1374 sit
1571 1311 1808 1374 vestrae
1883 1307 2291 1372 excellentiae
2366 1309 2451 1372 ab
2536 1307 2849 1394 episcopis

773 1413 972 1494 citari,
1017 1413 1122 1478 vel
1167 1435 1382 1476 coram
1445 1413 1536 1478 eis
1605 1433 1975 1500 comparere
2038 1417 2105 1478 et
2162 1411 2303 1498 juri
2364 1433 2631 1500 parere3
2698 1411 2853 1496 quia

773 1517 1138 1602 hujusmodi
1183 1521 1520 1604 suggestor
1565 1515 1688 1582 hoc
1733 1515 1890 1604 agit,
1940 1521 2019 1582 ut
2068 1515 2367 1582 Christus
2412 1515 2485 1578 in
2538 1515 2851 1602 episeopis

773 1629 1142 1710 spernatur3
1235 1623 1490 1686 dicente
1583 1621 1812 1686 eodem
1895 1621 1945 1686 J
1948 1643 2061 1686 esu
2156 1619 2435 1698 Christo,
2518 1617 2659 1700 Quo:
2740 1641 2851 1684 vos
2882 1641 2933 1694 s,
2958 1641 3081 1690 Luc.
3108 1657 3159 1692 x.

773 1725 1042 1814 spernit,
1105 1747 1210 1792 me
1265 1725 1532 1812 spernit
1551 1751 1578 1806 ;
1645 1731 1714 1792 et
1789 1725 2051 1792 dicente
2144 1725 2373 1812 Moyse
2460 1725 2539 1792 de
2628 1745 2697 1788 se
2784 1729 2851 1788 et
2886 1715 2963 1760 ¹⁶·

773 1833 992 1896 Aaron
1041 1829 1244 1894 fratre
1303 1851 1422 1896 suo
1483 1829 1556 1894 in
1619 1851 1894 1916 persona
1958 1829 2343 1918 pontificum
2388 1829 2475 1894 ad
2538 1827 2853 1914 quosdam

773 1935 850 1998 de
913 1935 1064 1998 filiis
1123 1933 1346 2012 Israel,
1411 1931 1490 1998 N
1483 1955 1576 2000 οη
1641 1939 1878 1998 contra
1962 1955 2091 1998 ‘nos
2170 1941 2259 1998 est
2322 1953 2649 1998 murm-ar
2712 1953 2850 1998 ves·
2880 1959 3043 2010 Exod.
3066 1959 3171 2010 xvi.

773 2043 958 2104 trum
1015 2037 1128 2104 sed
1191 2043 1426 2104 conto-a
1493 2037 1892 2104 Dominum.
2010 2037 2151 2104 Nec
2232 2037 2457 2104 credat
2544 2037 2847 2102 discretio
2882 2035 2929 2078 8·

773 2147 986 2206 vestra
1029 2141 1228 2206 aliam
1279 2141 1530 2206 citandi
1573 2163 1690 2208 vos
1739 2163 2005 2206 oausam
2060 2143 2337 2220 subesse,
2402 2165 2601 2228 quam
2656 2141 2849 2208 officii

773 2245 974 2310 nostri
1033 2245 1328 2310 debitum
1395 2249 1808 2332 vestramque
1869 2247 2165 2324 salutem,
2214 2267 2411 2332 quam
2472 2247 2723 2312 sincera
2784 2251 2851 2310 et

773 2349 1022 2436 speciali
1067 2349 1344 2416 caritate
1385 2349 1704 2416 noveritis
1747 2371 1868 2414 nos
1913 2349 2229 2416 affectare.
2322 2349 2557 2418 Valeat
2590 2349 2853 2416 dilectio

775 2457 986 2520 vestra
1025 2453 1098 2518 in
1145 2453 1450 2520 Domino,

1715 2745 1928 2812 LVII.

775 2907 1106 2986 RobertuS,
1139 2907 1268 2974 Dei
1307 2905 1542 2994 mutia
1587 2905 2105 2972 Lincolnieozsis
2148 2905 2541 2994 Episcopus
2594 2907 2853 2974 dilectis

945 3011 1028 3078 in
1077 3009 1340 3078 Okon'sto
1385 3009 1576 3096 filiis
1621 3009 1850 3078 eadem
1907 3009 2145 3096 mutia
2190 3009 2439 3078 Abbati
2464 3027 2493 3058 a
2556 3019 2615 3078 ez}
2688 3011 2853 3078 Con-
2880 3027 2901 3048 ‘²
2922 3015 3115 3066 Walter
3130 3015 3193 3066 de

945 3115 1180 3180 ventui
1227 3115 1304 3182 de
1349 3115 1596 3202 Bumo,
1667 3115 1973 3196 salutem,
2030 3115 2353 3200 qratiam,
2418 3123 2477 3182 et
2552 3113 2851 3180 benedic-
2882 3083 2933 3134 S.
2950 3083 3195 3134 Edmund.

945 3219 1214 3286 tionem.

865 3397 1208 3476 Quiescens
1253 3397 1372 3462 hac
1437 3395 1804 3482 septimana
1865 3397 2167 3482 proxima
2228 3397 2573 3486 paululum
2616 3399 2703 3462 ab
2748 3419 2859 3462 ex·
2886 3409 2941 3456 A
2962 3407 3107 3458 letter
3128 3413 3183 3456 to

779 3499 1082 3564 teriorum
1127 3501 1440 3578 tumultU,
1489 3501 1770 3584 quadam
1819 3501 2113 3586 ejusdem
2154 3501 2535 3588 septimanae
2582 3501 2705 3578 die,
2736 3499 2859 3566 lec·
2884 3477 3199 3590 gkzessggent

779 3603 938 3668 tioni
967 3627 1314 3690 parumper
1343 3627 1584 3670 vacans
1613 3603 1818 3668 incidi
1847 3603 1918 3668 in
1950 3605 2277 3692 quandam
2324 3605 2861 3690 conscriptionem
2886 3611 3113 3672 borough
3128 3623 3195 3656 0¹1

779 3707 858 3770 de
899 3707 1038 3772 vita
1091 3709 1574 3788 monachorum,
1643 3729 1792 3794 quae
1841 3731 1987 3774 eam
2052 3709 2357 3774 decenter
2424 3709 2727 3784 extollit3
2790 3711 2859 3770 et
2882 3677 3195 3804 33(ᾞῖξῷ

779 3811 928 3894 quia
971 3813 1186 3876 vestro
1235 3811 1454 3876 studio
1501 3813 1750 3876 credidi
1793 3817 2059 3898 gratum
2106 3813 2259 3888 fore,
2292 3811 2349 3876 si
2394 3811 2569 3894 quod
2612 3809 2859 3874 ibidem
2884 3809 3013 3858 from
3036 3825 3067 3858 a

777 3911 1134 4000 intelligere
1177 3915 1370 4002 potui
1413 3915 1754 3978 vobiscum
1823 3915 2385 3990 communicarem,
2452 3935 2587 3978 non
2654 3913 2859 3978 verba
2886 3877 3113 4008 ῗέἓῗξῃχ,

781 4035 920 4102 quae
971 4017 1214 4082 ibidem
1275 4017 1520 4100 inveni,
1571 4019 1728 4106 quia
1787 4017 2059 4084 alterius
2122 4039 2319 4104 quam
2386 4017 2643 4082 Latinae
2706 4023 2861 4082 sunt

779 4117 1026 4206 linguae,
1103 4123 1218 4186 sed
1291 4127 1664 4188 extractum
1741 4143 1856 4208 pro
1954 4121 2219 4186 modulo
2292 4141 2439 4184 meo
2512 4119 2863 4184 verborum

781 4245 1046 4302 sensum,
1125 4223 1396 4308 adjectis
1465 4225 1706 4290 alicubi
1773 4223 1997 4310 paucis
2058 4225 2145 4288 ad
2208 4223 2745 4288 dilucidationem
2790 4223 2865 4288 in

779 4323 940 4392 hanc
983 4329 1292 4414 paginam
1333 4329 1652 4416 redigens,
1717 4327 1902 4394 vobis
1950 4327 2277 4394 destinare
2326 4327 2569 4392 curavi.

863 4431 1188 4496 Monstrat
1217 4431 1424 4518 igitur
1445 4431 1726 4518 praefata
1747 4431 2153 4516 conscripti0‚
2180 4431 2357 4516 quod
2378 4431 2681 4494 monachi
2706 4437 2865 4496 sunt

779 4533 902 4598 viri
975 4533 1506 4622 philosophantes
1571 4533 1742 4600 circa
1805 4533 2059 4620 regulas
2102 4533 2263 4602 vitae
2334 4535 2405 4598 in
2474 4533 2865 4600 excellentia

779 4639 1136 4704 sanctitatis
1165 4639 1472 4726 agendae:
1505 4637 1742 4722 quibus
1759 4643 1860 4702 est
1889 4659 2059 4716 cura,
2082 4639 2381 4716 intentio,
2406 4641 2475 4704 et
2498 4659 2661 4726 opus
2688 4639 2867 4702 exire
