3875 5734
1627 809 1987 858 EPISTOLAE.
2728 793 2853 852 441

761 981 1250 1068 spoponderunt
1325 981 1398 1048 in
1475 983 1694 1072 Ipsius
1757 985 2107 1070 praesentia
2184 1005 2345 1072 opus
2428 981 2589 1070 Ejus
2652 981 2859 1050 facere

759 1087 926 1152 circa
983 1085 1352 1150 animarum
1415 1109 1652 1164 curam,
1703 1109 1864 1174 quas
1931 1089 2055 1152 sub
2120 1091 2311 1152 tanta
2374 1085 2859 1152 examinatione

757 1189 1140 1270 dilectionis,
1189 1193 1332 1254 tam
1391 1191 1808 1256 formidolosa
1851 1191 2241 1270 conditione,
2304 1191 2629 1256 commisit
2672 1189 2859 1254 vobis

757 1293 1160 1382 pascendas?
1235 1293 1322 1358 In
1381 1315 1658 1380 persona
1719 1293 2031 1380 principis
2076 1293 2537 1380 Apostolorum
2582 1315 2859 1380 spopon-

759 1397 1002 1464 derunt
1045 1419 1270 1462 omnes
1319 1419 1460 1462 rem
1511 1395 1750 1462 summi
1795 1395 2207 1476 discriminiS‚
2238 1395 2549 1482 stupendi
2578 1397 2857 1482 pavoris,

759 1523 828 1566 se
871 1521 1292 1588 responsuros
1337 1503 1408 1566 in
1453 1501 1806 1588 praesentia
1847 1499 1898 1566 J
1897 1499 2107 1566 udicis
2158 1499 2473 1588 praedicti.
2562 1499 2859 1588 Spopon-

759 1605 1002 1672 derunt
1061 1627 1300 1684 curare,
1355 1611 1422 1670 et
1495 1605 1788 1670 mentita
1859 1611 1955 1670 est
2026 1603 2375 1690 iniquitas
2438 1601 2585 1668 sibi.
2680 1603 2857 1684 Quid
2884 1617 2969 1668 Ps.
2994 1619 3139 1670 xxvi.

759 1707 1004 1776 dicturi
1077 1713 1234 1776 sunt
1309 1709 1542 1788 miseri,
1613 1709 1728 1794 qui
1789 1707 2055 1798 propria
2116 1707 2455 1772 commoda
2520 1713 2857 1786 sectanteS,
2892 1689 2967 1736 ¹²·

759 1811 1068 1878 delectati
1115 1811 1334 1898 [sunt]
1403 1811 1792 1898 pompaticis
1837 1811 2211 1892 honoribus,
2280 1816 2351 1876 et
2414 1811 2619 1876 illecti
2664 1811 2859 1876 foedis

757 1913 1228 2004 voluptatibus
1259 1937 1410 1980 cum
1445 1915 1682 1980 misera
1725 1919 1794 1980 et
1831 1915 2243 1980 detestabilis
2288 1915 2639 2002 impiorum
2670 1915 2859 1980 nudi-

759 2025 862 2084 tas
893 2019 1286 2106 apparebit?
1377 2019 1808 2086 Personarum
1853 2023 1924 2084 et
1968 2041 2207 2102 rerum,
2238 2041 2517 2106 quarum
2562 2043 2739 2088 nunc
2768 2019 2861 2086 eis

759 2127 858 2186 est
893 2121 1202 2208 jocunda,
1251 2123 1604 2208 praesentia
1667 2125 1826 2188 tunc
1887 2143 2227 2208 nunquam
2288 2123 2647 2210 apparebit,
2698 2123 2859 2188 sola-

759 2225 932 2290 tium
977 2247 1166 2292 omne
1211 2225 1498 2314 effugiet,
1545 2225 1882 2292 excusatio
1929 2225 2241 2312 quaelibet
2272 2225 2743 2306 exsufflabitur,
2790 2233 2859 2292 et

757 2327 1016 2394 nullum
1061 2331 1328 2418 penitus
1367 2329 1730 2396 remedium
1773 2331 2133 2418 apparebit.
2224 2327 2535 2398 Clamant
2576 2329 2859 2418 qualiter

755 2453 1084 2518 praecones
1135 2433 1194 2520 ej
1205 2453 1294 2510 uS‚
1341 2433 1696 2498 clamamus
1741 2439 1810 2498 et
1851 2455 1973 2498 nos
2032 2443 2351 2520 praesente
2396 2433 2659 2520 scripto,
2702 2433 2857 2500 licet

757 2535 910 2600 rudi
985 2539 1052 2600 et
1127 2535 1580 2622 incompositO,
1645 2541 1716 2600 et
1787 2557 1832 2600 a
1903 2535 2133 2602 multis
2208 2543 2507 2602 vestrum
2578 2535 2857 2602 forsitan

759 2639 1272 2720 contemnend03
1331 2639 1448 2706 sed
1513 2637 1696 2704 Deus
1757 2639 1989 2724 utique
2058 2661 2195 2704 non
2266 2637 2593 2706 irridetur.
2708 2639 2859 2706 Ola-

759 2763 1012 2808 mamus
1087 2747 1166 2808 ut
1229 2741 1340 2808 vel
1405 2763 1582 2808 1111110
1649 2741 2205 2830 expergiscamini,
2282 2745 2363 2806 ut
2436 2743 2583 2808 sitis
2626 2743 2859 2830 vigiles

759 2847 846 2910 ad
889 2867 1052 2934 opus
1095 2847 1524 2932 assumptum,
1571 2849 1652 2910 ut
1697 2851 1961 2932 tempus
2002 2843 2361 2910 redimatis
2402 2845 2731 2922 amissum,
2780 2849 2857 2910 ut
2886 2859 3019 2928 Eph.
3042 2877 3093 2916 v.
3124 2865 3199 2912 16.

761 2949 1094 3036 placatum
1137 2949 1494 3014 invenietis
1541 2971 1626 3014 ex
1659 2953 1846 3036 parte
1889 2947 2115 3036 aliqua
2158 2949 2205 3014 J
2206 2949 2461 3014 udicem
2514 2949 2657 3036 jam
2690 2949 2861 3036 jam-

761 3075 886 3138 que
959 3057 1336 3118 venturum.
1461 3051 1806 3118 Nescimus
1879 3053 2199 3138 quamdiu
2260 3053 2691 3132 subsistimus,
2754 3053 2861 3118 vel

761 3179 848 3220 an
923 3159 1074 3244 post
1135 3153 1472 3222 modicum
1547 3155 1740 3222 tollat
1807 3177 1928 3222 nos
1996 3155 2237 3222 Factor
2298 3159 2539 3222 noster.
2662 3155 2863 3222 Obse-

761 3279 1016 3324 cramus
1061 3259 1220 3324 totis
1263 3257 1610 3324 affectibus
1655 3263 1724 3324 et
1775 3259 2031 3324 intimis
2098 3257 2313 3324 cordis
2354 3259 2729 3338 visceribus
2778 3281 2863 3324 ne

761 3383 894 3442 vos,
949 3359 1064 3446 qui
1139 3361 1262 3426 filii
1321 3361 1450 3426 Dei
1517 3383 1634 3448 pro
1701 3359 1910 3426 officio
1970 3361 2385 3450 reputamini,
2444 3363 2619 3428 inter
2692 3363 2861 3428 filios

761 3463 992 3528 mundi
1061 3463 1222 3528 hora
1265 3465 1628 3552 repentinae
1673 3465 2071 3530 calamitatis
2132 3465 2469 3546 involvat3
2532 3487 2617 3532 ne
2682 3465 2863 3530 ultor

761 3565 1132 3652 iniquitatis
1177 3567 1436 3654 gladius
1497 3567 1874 3654 contagium
1937 3573 2149 3634 tantae
2214 3567 2649 3654 corruptionis
2714 3567 2861 3632 dira

761 3669 1146 3756 contagione
1191 3669 1448 3750 deleat3
1491 3693 1576 3736 ne
1619 3673 1832 3738 tantae
1875 3669 2079 3758 pestis
2124 3669 2547 3738 infectionem
2590 3669 2861 3738 devoret

757 3773 996 3838 acriter
1055 3771 1322 3836 flamma
1383 3795 1592 3838 vorax
1649 3773 1928 3860 fiilguris
1996 3773 2409 3840 coruscantis,
2496 3773 2857 3858 Assurgite,

759 3875 1190 3954 dilectissimi,
1253 3875 1578 3964 assurgite
1653 3883 1722 3942 et
1793 3875 2067 3964 vigilate
2142 3877 2313 3942 circa
2352 3897 2473 3942 vos
2550 3881 2619 3942 et
2690 3877 2859 3942 circa

757 4001 1022 4068 gregem
1067 3981 1292 4044 ovium
1335 3985 1748 4062 vestrarum3
1801 3979 2047 4068 pascite
2112 4001 2237 4058 eas,
2286 3979 2457 4044 sicut
2516 3979 2853 4060 tenemini,

759 4083 962 4150 verbo
1003 4083 1180 4164 vitae,
1225 4083 1470 4170 pascite
1523 4083 1820 4170 exemplo
1863 4083 2025 4148 vitae
2092 4087 2163 4148 et
2226 4087 2633 4148 sacramento
2676 4083 2855 4148 vitae.

759 4187 872 4252 Ad
917 4187 1054 4270 hoc,
1099 4187 1432 4264 carissimi,
1487 4185 1914 4272 proculdubio
1980 4185 2305 4252 tenemini
2370 4187 2731 4274 sponsione,
2774 4191 2855 4252 ut

759 4289 1008 4356 dictum
1077 4293 1192 4368 est,
1253 4311 1452 4378 super
1515 4289 1636 4354 hoc
1697 4289 1868 4356 facto
1937 4291 2061 4356 sub
2126 4289 2465 4356 tremendo
2530 4287 2659 4356 Dei
2710 4311 2859 4356 con-

759 4399 1000 4482 spectu.
1121 4393 1338 4474 Quam
1427 4393 1672 4460 multos
1745 4393 2013 4458 vidistis
2084 4393 2159 4458 in
2232 4393 2465 4458 mediis
2556 4391 2861 4480 periculis

755 4503 976 4584 raptos
1049 4493 1288 4560 fuisse!
1367 4503 1402 4530 “
1427 4495 1700 4560 Faciant
1787 4519 1908 4564 vos
1978 4495 2123 4562 visa
2208 4481 2497 4584 pericula
2584 4495 2863 4562 cautos.''

759 4599 1022 4668 Reddat
1099 4623 1218 4666 vos
1305 4601 1506 4668 timor
1593 4599 1862 4668 Domini
1968 4599 2267 4680 solicitos
2358 4605 2427 4668 et
2516 4599 2863 4666 discrimen

759 4707 1094 4794 proprium
1139 4705 1494 4772 timoratos.
