3875 5734
1103 849 1188 914 26
1757 867 2053 918 ROBERTI
2100 867 2553 918 GROSSETESTE

767 1041 894 1118 haye
1105 1065 1300 1132 quem
1373 1045 1630 1132 speravi
1703 1043 2049 1110 futurum¹
2130 1047 2383 1110 circiter
2456 1043 2903 1124 Pentecosten,
2980 1047 3181 1136 litigio

767 1115 964 1242 ἓξὲξ
979 1125 1080 1228 ind
1103 1149 1402 1214 similiter
1445 1145 1716 1214 insimul
1757 1149 2001 1232 dilat03
2034 1151 2141 1216 vel
2186 1149 2241 1214 si
2286 1151 2407 1216 hoc
2448 1171 2583 1214 non
2630 1149 2925 1236 placeret,
2958 1151 3179 1218 saltem

769 1253 1028 1362 gffg‘ffi‘t‘gr
1103 1255 1474 1320 differretur
1539 1277 1744 1342 usque
1791 1255 1876 1320 ad
1944 1277 2151 1320 unum
2196 1255 2303 1320 vel
2370 1257 2533 1320 duos
2580 1251 2717 1318 dies
2784 1259 2939 1318 ante
3014 1255 3177 1320 diem

767 1383 1066 1446 concerning
1099 1359 1318 1446 litigio
1363 1363 1692 1424 statutum
1715 1359 1784 1442 2;
1829 1383 1959 1446 quo
2022 1365 2313 1446 tempore
2382 1357 2651 1446 promisi
2708 1363 3177 1446 procuratorem

767 1449 1040 1582 3332?
1103 1485 1320 1528 meum
1367 1465 1776 1550 procuratori
1819 1467 2041 1530 vestro
2100 1463 2277 1550 apud
2322 1461 2557 1528 Sarum
2626 1483 3037 1526 occursurum
3096 1461 3177 1526 ad

767 1585 978 1636 claimed
1009 1587 1078 1650 by
1103 1567 1350 1634 ibidem
1423 1569 1856 1634 amicabiliter
1948 1567 2481 1654 componendum.
2590 1565 2681 1632 Et
2758 1587 2899 1632 ecce
2970 1587 3177 1632 coram

767 1653 1080 1770 ξξὲῃὲοέζξζξ
1103 1671 1244 1738 Deo
1319 1673 1476 1758 quia
1549 1673 1620 1738 in
1707 1671 1904 1738 litera
1974 1671 2163 1736 vobis
2250 1671 2499 1738 directa
2586 1669 2685 1734 nil
2760 1677 2901 1736 erat
2972 1693 3013 1734 a
3080 1693 3177 1734 me

769 1795 944 1838 seteste
967 1805 1022 1840 as
1103 1777 1504 1842 mendaciter
1547 1777 1910 1854 confictum,
1956 1775 2055 1838 nil
2098 1775 2315 1840 dolose
2360 1773 2759 1854 simulatum,
2808 1773 2919 1840 sed
2970 1777 3175 1840 totum

767 1857 1012 1974 ἓῗξὲῗθζ,
1003 1857 1032 1906 f
1103 1905 1188 1946 ex
1231 1881 1420 1948 corde
1467 1881 1746 1968 simplici
1775 1879 2093 1944 veraciter
2140 1881 2407 1946 dictum.
2470 1879 2607 1944 Vos
2652 1886 2873 1945 autem
2916 1881 3173 1966 rescrip-

765 1993 862 2058 ley.
1103 1985 1280 2050 sistis
1345 1985 1508 2048 mihi
1571 1983 1832 2050 literam
1889 2007 2179 2070 parvam,
2228 1983 2309 2050 de
2376 2007 2507 2072 qua
2570 1983 2819 2048 viderit
2886 1983 3175 2050 discretio

1099 2095 1322 2154 vestra
1365 2089 1424 2154 si
1463 2111 1598 2154 non
1643 2087 1844 2154 fuerit
1873 2089 2283 2154 contumeliis
2320 2093 2389 2154 et
2432 2087 2865 2154 derisionibus
2898 2089 3171 2174 gravida,

1099 2199 1166 2256 et
1255 2193 1438 2258 oculo
1529 2193 1806 2280 simplici
1895 2215 2071 2258 verae
2158 2193 2497 2280 religionis
2568 2193 2973 2280 incongrua3
3044 2193 3173 2256 haec

1097 2319 1378 2382 namque
1445 2299 1590 2362 erat
1653 2297 1882 2384 primae
1946 2295 2249 2364 clausulae
2274 2295 2299 2334 ³
2358 2303 2509 2384 post
2572 2295 3049 2376 salutationem,
3100 2301 3173 2360 ut

1097 2401 1298 2466 verba
1341 2405 1562 2466 vestra
1619 2421 1874 2486 ponam,
1925 2401 2373 2466 continentia:
2450 2407 2487 2436 “
2506 2401 2905 2466 Discretioni
2946 2403 3173 2466 vestrae

1101 2509 1136 2538 “
1181 2503 1550 2568 innotescat
1593 2505 1770 2590 quod.
1811 2505 2143 2570 redditum
2188 2525 2499 2582 annuum,
2548 2527 2741 2590 quem
2788 2525 2827 2568 a
2870 2503 3053 2568 vobis
3112 2509 3171 2568 et

1101 2613 1138 2642 ‘⁶
1181 2613 1336 2674 ante
1409 2613 1708 2694 tempora
1781 2613 2003 2674 vestra
2064 2609 2391 2696 percipere
2454 2607 2923 2688 consuevimus²
2990 2613 3171 2672 tanto

1099 2721 1136 2748 “
1179 2717 1470 2798 tempore
1543 2711 1941 2798 percepimus
2016 2733 2133 2798 per
2190 2735 2425 2778 manus
2510 2719 2833 2778 rectorum
2908 2711 3175 2778 ecclesiae

767 2831 1076 2898 ”Abbotsley
1103 2823 1140 2850 ‘⁶
1183 2817 1262 2880 de
1295 2817 1660 2882 Albodesl.a
1703 2817 2011 2880 continue
2042 2821 2109 2880 et
2154 2817 2431 2904 pacifice,
2464 2817 2643 2902 quod
2662 2815 2803 2900 jam
2846 2815 3171 2880 hominum

767 2901 1010 3030 ffiglt‘llgffi'
1103 2927 1140 2956 “
1185 2921 1562 2984 memoriam
1607 2919 1886 2984 excessit
1907 2919 1963 2982 :³³
2006 2921 2147 2984 haec
2190 2919 2479 2984 clausula
2522 2919 2675 2984 licet
2716 2943 2851 2984 non
2894 2943 3173 3006 expresse

767 3035 912 3084 shire.
1103 3023 1488 3110 pronunciet
1553 3025 1726 3108 quod
1775 3023 2025 3088 dictum
2068 3021 2401 3088 redditum
2474 3045 2679 3108 usque
2742 3023 2827 3088 ad
2890 3027 3171 3110 tempora

1103 3149 1248 3192 mea
1319 3127 1736 3216 perceperitis
1811 3129 2119 3192 continue
2196 3133 2263 3192 et
2336 3127 2617 3214 pacifice,
2666 3133 2889 3192 tamen
2958 3127 3171 3198 eadem

1099 3231 1220 3296 hoc
1265 3231 1562 3296 continet
1605 3255 1688 3296 ex
1733 3231 2219 3312 insinuatione;
2280 3231 2451 3318 quod
2496 3255 2613 3296 vos
2658 3253 2791 3298 non
2834 3232 2997 3296 latet
3046 3255 3171 3296 esse

1097 3333 1332 3400 falsum
1359 3359 1376 3414 ;
1421 3333 1578 3420 quia
1619 3335 1916 3400 redditus
1960 3335 2071 3400 ille
2118 3339 2273 3400 ante
2318 3339 2613 3420 tempora
2674 3357 2833 3414 mea,
2882 3335 3171 3402 videlicet

1097 3437 1346 3502 ultimis
1423 3439 1652 3504 diebus
1723 3437 2203 3524 praedecessoris
2270 3439 2399 3504 mei
2456 3461 2663 3524 usque
2736 3441 2823 3504 ad
2894 3443 3173 3526 tempora

1097 3563 1256 3622 mea,
1333 3563 1450 3626 per
1517 3541 1918 3606 ordinarium
1980 3541 2105 3606 1001
2178 3541 2309 3606 fuit
2386 3545 2869 3628 sequestratus;
2940 3547 3017 3606 ut
3086 3543 3171 3606 sic

1095 3645 1644 3730 compelleremini
1733 3645 1812 3710 de
1891 3645 2041 3730 jure
2116 3645 2547 3732 perceptionis
2622 3651 2855 3712 vestrae
2944 3645 3169 3712 docere.

1097 3747 1294 3812 Scitis
1337 3753 1560 3812 autem
1607 3749 1782 3832 quod
1855 3747 2175 3812 mendacii
2240 3749 2483 3814 vitium
2556 3749 2991 3814 committitur
3046 3771 3171 3814 non

1097 3851 1304 3918 solum
1351 3851 1622 3918 audibili
1669 3851 1886 3930 verb0‚
1931 3851 2047 3916 sed
2118 3849 2313 3916 etiam
2330 3849 2359 3888 4
2420 3851 2671 3918 visibili
2736 3851 3021 3938 script03
3060 3873 3171 3916 nec

1097 3957 1308 4020 solum
1351 3977 1654 4044 expresso
1699 3977 2011 4032 sermone,
2044 3955 2153 4020 sed
2186 3957 2387 4020 etiam
2418 3955 2681 4040 obliqua
2724 3955 3165 4020 insinuatione.

1099 4059 1244 4122 Hoc
1289 4065 1508 4124 autem
1553 4059 1794 4124 vitium
1837 4083 1880 4122 a
1917 4057 2079 4122 viris
2122 4059 2437 4144 religiosis
2484 4059 2767 4122 maxime
2812 4059 3003 4124 debet
3044 4079 3169 4122 esse

763 4173 980 4238 Philipp.
997 4175 1070 4226 iii.
1095 4161 1288 4248 longe
1331 4162 1634 4242 alienum,
1683 4183 1961 4248 quorum
2024 4159 2109 4224 in
2172 4157 2395 4226 coelis-⁵
2454 4167 2547 4226 est
2612 4161 3033 4238 οοηυωέαίίο,
3108 4165 3169 4224 et

765 4251 842 4296 20.
1099 4265 1342 4330 ibidem
1417 4265 1866 4332 sincerissimae
1940 4263 2247 4330 veritatis
2322 4263 2829 4350 contemplati03
2906 4285 3167 4350 quorum

1163 4557 1176 4586 ¹
1213 4571 1346 4620 quem
1399 4557 1594 4618 speravi
1621 4555 1880 4620 futurum]
1937 4569 2089 4618 quam
2256 4559 2277 4588 ²³
2300 4557 2475 4620 prz‘moe
2496 4557 2749 4624 clausulae]
2776 4557 2933 4620 prima
2946 4555 3167 4614 clausula,

1095 4635 1288 4698 speravi
1307 4635 1538 4692 futuram,
1563 4633 1670 4684 Sid.
2190 4635 2293 4686 Sid.

2252 4719 2273 4746 ⁴
2304 4717 2473 4784 etiam]
2514 4725 2575 4778 et,
2598 4717 2701 4768 sid.

1161 4795 1182 4824 ²
1211 4791 1466 4860 statutum]
1507 4791 1844 4856 constitutum,
1865 4791 1969 4844 Sid.
2126 4791 2139 4860 1
2250 4799 2269 4826 ⁵
2298 4797 2457 4864 caelis]
2496 4797 2635 4860 cae10,
2658 4797 2763 4848 Sid.
