3875 5734
1559 819 1916 870 EPISTOLAE.
2700 819 2785 878 85

715 1001 926 1068 Posito
971 1021 1224 1090 quoque
1245 999 1264 1038 ¹
1311 1001 1488 1090 quod
1553 1001 1750 1068 radix
1809 1005 1878 1068 et
1944 1003 2145 1092 stipes
2208 1003 2481 1092 alicujus
2522 1005 2787 1072 oleastri

711 1113 1106 1176 verterentur
1159 1107 1234 1174 in
1291 1117 1598 1178 naturam
1657 1109 1866 1190 olivae,
1913 1131 2133 1176 nonne
2196 1115 2265 1176 et
2324 1113 2573 1200 priores
2616 1111 2783 1176 rami

711 1215 984 1304 ejusdem
1043 1215 1306 1282 oleastri
1373 1221 1844 1302 consequenter
1907 1219 2471 1282 commutarentur
2532 1217 2607 1282 in
2666 1239 2783 1282 na-

713 1329 914 1390 turam
989 1321 1222 1388 olivae?
1313 1321 1398 1386 In
1475 1321 1808 1388 Thessalia
1881 1329 2041 1386 sunt
2114 1321 2247 1386 duo
2322 1321 2615 1404 flumina,
2696 1347 2779 1390 ex
2806 1339 2995 1392 Seneca

713 1449 970 1518 quorum
1013 1449 1142 1494 uno
1187 1427 1484 1496 bibentes
1521 1449 1676 1494 oves
1721 1427 1894 1494 fiunt
1940 1427 2163 1516 nigrae,
2200 1449 2283 1494 ex
2328 1425 2535 1492 altero
2580 1425 2779 1512 albae3
2804 1407 3113 1544 ἒλζῇῐιξὲ·

713 1557 790 1602 ex
857 1541 1126 1624 utroque
1199 1557 1352 1602 vero
1425 1533 1726 1602 bibentes
1799 1531 2005 1600 variae
2022 1531 2051 1570 2
2124 1533 2313 1600 fiunt.
2422 1529 2781 1598 Innumera
2806 1519 3103 1630 Pii11.Nat3‘

713 1663 950 1728 quoque
995 1645 1148 1706 sunt
1169 1639 1194 1678 3
1237 1639 1610 1728 hujusmodi
1655 1661 1804 1726 quae
1865 1643 2127 1728 mutata
2170 1637 2529 1704 immutant
2576 1637 2777 1704 etiam
2804 1611 2937 1734 ἑξεῖ·
2954 1631 3099 1672 ΧΧΧῙ·

711 1745 818 1812 illa
859 1767 998 1834 quae
1041 1747 1118 1812 de
1161 1745 1320 1834 ipsis
1363 1749 1520 1812 sunt
1561 1743 1744 1832 prius
1787 1746 2037 1810 exorta.
2130 1743 2293 1810 Cum
2340 1741 2565 1832 igitur,
2612 1747 2779 1808 teste

713 1851 1028 1940 Apost010‚
1103 1851 1238 1938 Qui
1281 1849 1574 1920 adhaeret
1631 1847 1997 1932 meretrici,
2042 1869 2277 1916 eanum
2352 1869 2595 1938 corpus·
2650 1847 2775 1936 cffi-
2808 1865 2833 1912 1
2862 1861 2975 1918 Cor.
2998 1865 3067 1918 vi.

713 1957 896 2038 cit-ur,
983 1965 1050 2024 et
1135 1963 1390 2024 constat
1495 1955 1668 2044 quod
1775 1977 2007 2042 corpus
2098 1953 2267 2022 illud
2358 1961 2459 2022 est
2546 1977 2779 2044 eorpus
2808 1935 2889 1984 ¹⁶·

713 2063 1146 2150 illegitimum3
1235 2063 1336 2130 vis
1409 2067 1634 2128 autem
1709 2059 2119 2126 matrimonii
2194 2059 2393 2126 faciat
2472 2061 2631 2126 duos
2708 2061 2781 2124 in

713 2189 890 2232 carne
977 2191 1118 2246 una,
1195 2189 1392 2254 quam
1469 2169 1726 2234 constat
1801 2187 1936 2232 esse
2014 2185 2275 2232 carnem
2294 2163 2323 2202 4
2394 2165 2777 2252 legitimam,

711 2273 912 2360 sicque
971 2277 1118 2362 post
1179 2273 1472 2360 copulam
1547 2270 1874 2338 carnalem
1950 2269 2365 2336 fornicariam
2442 2277 2509 2338 et
2576 2293 2781 2338 mere-

711 2379 968 2460 triciam,
1043 2377 1100 2444 si
1171 2379 1458 2466 copulati
1531 2377 1714 2466 prius
1787 2375 2311 2442 meretricialiter
2384 2377 2781 2442 contrahant

711 2489 922 2574 postea
979 2483 1484 2568 matrimonium,
1531 2505 1764 2572 corpus
1823 2481 2121 2562 duorum,
2184 2481 2363 2570 quod
2422 2483 2607 2570 prius
2648 2483 2781 2550 fuit

711 2589 1124 2678 illegitimum,
1169 2589 1454 2656 vertitur
1515 2589 1588 2654 in
1649 2611 1850 2654 unam
1911 2609 2175 2654 carnem
2238 2587 2517 2654 duorum
2562 2589 2781 2676 legiti-

713 2717 910 2760 mam:
977 2693 1130 2782 quid
1203 2695 1442 2760 mirum
1519 2693 1578 2758 si
1651 2693 1736 2758 ad
1811 2691 2313 2758 similitudinem
2388 2693 2785 2760 naturaliter

711 2799 1182 2866 immutantium
1253 2801 1320 2864 et
1381 2799 1898 2876 immutatorum‚
1950 2817 2181 2886 corpus
2246 2797 2523 2862 duorum
2584 2821 2787 2864 mere-

711 2905 958 2972 tricium
1017 2905 1448 2994 illegitimum,
1517 2907 2001 2972 commutatum
2018 2901 2043 2938 5
2120 2903 2193 2970 in
2256 2925 2517 2970 earnem
2586 2927 2787 2970 unam

711 3009 970 3090 duorum
1013 3009 1556 3098 matrimonialem
1603 3015 1670 3074 et
1715 3009 2103 3098 legitimam,
2136 3015 2497 3076 commutet
2540 3009 2785 3098 prolem

709 3115 1100 3180 fornicariam
1171 3113 1582 3202 illegitimam
1661 3113 1744 3180 de
1817 3137 1884 3180 se
1960 3115 2143 3202 prius
2232 3115 2643 3204 progenitam
2716 3115 2787 3180 in

709 3219 940 3308 prolem
1005 3219 1548 3286 matrimonialem
1617 3225 1684 3284 et
1753 3219 2167 3306 legitimam?
2258 3219 2405 3286 Imo
2474 3243 2787 3308 magnum

711 3325 934 3390 mirum
979 3329 1142 3392 esset
1185 3325 1242 3390 si
1287 3325 1424 3390 haec
1469 3323 1756 3390 mutatio
1799 3323 1886 3390 ab
1929 3325 2407 3414 illegitimitate
2452 3327 2537 3392 ad
2572 3327 2787 3414 legiti-

711 3429 992 3496 mitatem
1051 3451 1182 3494 non
1243 3429 1466 3510 fieret3
1535 3451 1682 3496 cum
1761 3429 1989 3516 proleS,
2058 3431 2199 3498 sive
2272 3431 2573 3520 legitima
2646 3431 2785 3498 sive

711 3533 1052 3622 illegitima,
1083 3533 1198 3600 uni
1241 3533 1492 3620 corpori
1537 3533 1674 3600 sive
1719 3533 1838 3600 uni
1883 3537 2067 3602 carni
2114 3537 2397 3602 duorum
2436 3541 2787 3624 parentum

711 3663 818 3726 per
883 3639 1170 3704 naturale
1259 3639 1594 3706 vinculum
1683 3639 2007 3706 naturalis
2096 3639 2437 3708 filiationis
2532 3641 2787 3706 firmius

709 3741 1022 3822 inhaereat,
1093 3747 1160 3808 et
1233 3741 1472 3810 arctius
1547 3747 1616 3808 et
1691 3743 2295 3832 incomparabiliter
2370 3743 2785 3810 insolubilius

711 3847 1044 3934 colligetur,
1135 3847 1648 3936 profundiusque
1737 3849 2109 3930 increverit,
2182 3849 2523 3936 magisque
2612 3847 2783 3912 radi-

711 3951 924 4018 caliter
967 3953 1294 4020 inseratur
1357 3975 1554 4040 quam
1619 3951 1840 4040 capilli
1885 3951 2109 4040 capiti,
2156 3951 2263 4018 vel
2306 3951 2429 4038 pili
2478 3951 2631 4032 cuti,
2676 3951 2785 4018 vel

711 4079 924 4144 pennae
995 4057 1184 4136 carni,
1249 4055 1370 4122 vel
1457 4055 1626 4122 rami
1715 4057 1918 4122 radici
1996 4079 2111 4122 seu
2184 4055 2415 4142 stipiti.
2532 4053 2783 4142 Corpus

709 4161 900 4248 igitur
939 4161 1116 4248 prius
1133 4161 1158 4200 ⁶
1201 4161 1642 4226 meretricium
1689 4165 1758 4226 et
1799 4161 2243 4248 illegitimum,
2288 4163 2625 4224 mutatum
2666 4181 2783 4246 per

711 4269 1162 4332 sacramentum
1223 4263 1626 4332 matrimonii
1691 4263 1762 4330 in
1805 4285 2065 4330 carnem
2128 4285 2327 4328 unam
2376 4263 2781 4352 conjugalem

777 4617 788 4648 ¹
819 4617 1016 4684 quoque]
1051 4619 1196 4680 enim,
1221 4617 1322 4670 Sid.
1855 4615 1874 4642 ‘¹
1909 4613 2089 4666 Qec.
2114 4613 2293 4664 inserts
2316 4631 2475 4666 unam.

773 4701 792 4728 '·'
821 4699 990 4764 variae]
1025 4701 1152 4752 varii
1171 4701 1364 4758 coloris,
1391 4699 1494 4752 Sid.
1855 4695 1874 4722 ⁵
1905 4697 2259 4762 commntatum]
2274 4703 2595 4758 commutant,
2610 4695 2787 4748 C.C.c.

777 4781 794 4808 ³
821 4781 952 4848 sunt]
989 4779 1128 4844 fiunt,
1151 4779 1328 4836 C.C.C.
1855 4777 1874 4804 ‘⁵
1901 4777 2071 4842 prius]
2112 4791 2209 4826 om.
2236 4777 2413 4828 C.C.C.
