3875 5734
1601 809 1953 860 nrisTOLAE.
2694 795 2819 866 375

743 985 956 1052 anima
999 983 1270 1070 decepta
1313 983 1386 1050 in
1427 985 1566 1050 haec
1595 985 1736 1050 loca
1775 983 1868 1050 in
1905 981 2019 1050 die
2062 981 2265 1050 ‘nubis
2296 989 2355 1050 et
2382 981 2727 1068 0011391013,
2754 983 2827 1048 id

743 1095 854 1166 est,
923 1089 994 1152 in
1061 1107 1144 1170 qu
1153 1087 1344 1150 adam
1409 1087 1794 1174 imaginaria
1853 1087 2251 1172 apparentia,
2316 1107 2445 1172 qua
2486 1085 2829 1174 concupita

743 1191 1052 1278 apparent
1117 1209 1254 1254 esse
1297 1211 1456 1254 vera
1521 1191 1712 1268 bona,
1763 1187 2153 1254 obumbrata
2216 1187 2383 1254 nube
2444 1195 2511 1254 et
2556 1191 2829 1278 caligine

743 1293 970 1362 erroris
1001 1297 1068 1358 et
1099 1293 1504 1380 ignorantiae.
1553 1293 1628 1358 Si
1657 1293 1866 1380 igitur
1893 1297 2117 1380 pastor
2148 1293 2573 1378 corporalium
2606 1293 2829 1358 ovium

743 1419 844 1464 eas
891 1401 1078 1462 tanta
1145 1395 1584 1460 sollicitudine
1645 1401 1965 1482 tantoque
2022 1395 2241 1460 labore
2286 1395 2535 1472 visitat,
2584 1401 2829 1482 quanto

743 1499 1086 1586 majoribus
1131 1499 1566 1564 sollicitudine
1611 1503 1678 1566 et
1721 1499 1945 1564 labore
1990 1501 2247 1584 oportet
2292 1503 2613 1584 pastorem
2644 1499 2831 1586 spiri-

743 1603 972 1668 talium
1031 1603 1272 1684 ovium,
1319 1625 1436 1690 pro
1505 1603 1740 1688 quibus
1803 1603 2107 1668 Christus
2168 1607 2465 1666 mortuus
2532 1607 2647 1680 est,
2712 1625 2831 1688 pro

743 1707 974 1794 quibus
1019 1711 1088 1772 et
1131 1707 1270 1794 ipse
1317 1711 1536 1794 pastor
1581 1707 1840 1786 debitor
1883 1711 1983 1772 est
2028 1707 2319 1770 animam
2378 1725 2631 1792 ponere,
2682 1727 2833 1770 oves

743 1811 1018 1890 visitare,
1075 1815 1144 1876 et
1193 1811 1522 1876 visitando
1571 1833 1672 1874 eas
1721 1833 1866 1896 quae
1909 1809 2249 1896 perierunt
2294 1831 2599 1896 quaerere,
2632 1809 2835 1874 donec

741 1913 1078 1992 invenerit,
1115 1917 1184 1978 et
1227 1915 1532 1980 inventas
1573 1913 1892 1992 reducere,
1944 1913 2145 1980 etiam
2192 1915 2247 1980 si
2292 1937 2455 2002 opus
2496 1913 2713 1992 fuerit,
2750 1913 2835 1994 ad

741 2019 1178 2082 imitationem
1209 2019 1448 2082 summi
1477 2015 1778 2096 Pastoris
1801 2019 2079 2106 propriis
2108 2019 2395 2082 humeris
2426 2017 2831 2104 reportando

829 2121 914 2184 In
971 2121 1196 2186 eodem
1257 2121 1458 2186 etiam
1525 2121 1884 2184 Ezechielis
1948 2121 2235 2208 capitulo
2296 2121 2457 2184 dicit
2508 2121 2833 2184 Dominus

739 2225 810 2288 in
875 2247 1144 2310 persona
1189 2225 1484 2310 pastoris,
1555 2223 1728 2310 quod
1783 2223 1943 2310 Ipse
1980 2231 2209 2308 pascet
2268 2247 2413 2288 oves
2470 2247 2625 2288 suas
2654 2221 2673 2256 ¹
2742 2223 2831 2288 ’ἐπ

731 2325 992 2412 judicio
1039 2333 1098 2392 et
1145 2325 1436 2412 justitia,
1509 2331 1568 2390 et
1633 2325 1814 2412 quod
1865 2325 1916 2390 I
1903 2349 2023 2412 pse
2076 2325 2349 2412 judicat
2408 2325 2593 2392 inter
2626 2349 2831 2412 pecus

743 2427 830 2496 εἴ
865 2453 1082 2518 Peene,
1147 2429 1448 2496 arietum
1511 2435 1570 2494 015
1627 2427 1989 2494 hircorum.
2102 2429 2189 2492 In
2246 2451 2377 2516 quo
2442 2431 2831 2514 ostenditur,

741 2535 912 2620 quod
961 2535 1178 2622 gregis
1223 2539 1448 2622 pastus
1507 2533 1808 2598 consistit
1865 2555 2001 2598 non
2064 2535 2271 2598 solum
2332 2535 2403 2598 in
2448 2533 2719 2598 scientia
2764 2539 2831 2598 et

743 2637 1048 2716 doctrina,
1111 2637 1224 2702 sed
1283 2637 1484 2702 etiam
1543 2637 1616 2700 in
1681 2637 1930 2722 judicio
1994 2643 2065 2702 et
2128 2637 2415 2722 justitia3
2478 2643 2547 2702 et
2610 2637 2787 2724 quod
2804 2637 2829 2674 2

737 2743 1012 2828 pastoris
1089 2741 1178 2806 sic
1239 2743 1410 2806 inter
1485 2761 1678 2826 pecus
1739 2745 1808 2806 et
1867 2763 2063 2826 pecus
2124 2741 2523 2826 dijudica-tio,
2638 2741 2829 2826 Diju-

743 2847 954 2910 dicare
1027 2849 1252 2910 autem
1339 2845 1514 2908 inter
1603 2845 1732 2908 duo
1825 2843 1971 2928 quis
2060 2845 2319 2928 poterit,
2400 2845 2529 2906 nisi
2606 2865 2829 2910 eornm

743 2949 1138 3014 differentias
1215 2951 1282 3012 et
1357 2947 1778 3012 discretiones
1853 2947 2201 3032 agnoverit
2224 2953 2271 3030 ἓ,
2354 2947 2465 3012 Ad
2506 2953 2829 3034 pastorem

743 3053 950 3138 igitur
991 3051 1388 3138 spiritalium
1439 3051 1664 3114 ovium
1709 3057 1977 3138 spectat,
2024 3073 2247 3114 earum
2312 3051 2715 3116 differentias
2766 3055 2835 3116 et

743 3155 1218 3240 proprietatum
1293 3153 1706 3220 discretiones
1781 3175 2141 3242 agnoscere,
2220 3177 2497 3240 quarum
2568 3155 2835 3240 agnitiO,

745 3261 1026 3346 exceptis
1115 3257 1388 3324 notoriis
1467 3263 1536 3324 et
1619 3265 1852 3346 sponte
1968 3259 2289 3336 confessis,
2390 3259 2615 3324 haberi
2706 3283 2841 3324 non

743 3363 998 3450 poterit,
1093 3363 1222 3426 nisi
1311 3363 1736 3448 inquisitione
1791 3355 1934 3428 ⁴vel
2022 3363 2425 3450 probatione.
2548 3363 2841 3430 Perfecta

743 3465 946 3552 igitur
1049 3465 1274 3530 ovium
1379 3465 1678 3530 custodia
1769 3471 1840 3530 et
1929 3467 2337 3532 conservatio
2428 3489 2837 3552 nequaquam

745 3569 992 3634 carebit
1057 3569 1330 3636 solicitae
1387 3569 1792 3636 visitationis
1853 3573 1922 3634 et
1980 3571 2319 3656 diligentis
2392 3569 2839 3656 inquisitionis

745 3673 968 3740 officio,
1061 3675 1420 3762 Episcopus
1485 3675 1694 3762 igitur
1757 3675 2073 3762 praedicto
2138 3675 2331 3740 modo
2400 3697 2533 3738 non
2592 3697 2839 3760 praepe-

747 3777 940 3858 ditus,
997 3777 1304 3844 visitabit
1367 3801 1522 3844 oves
1583 3801 1748 3856 suas,
1813 3801 1852 3842 a
1913 3801 1979 3842 se
2040 3799 2157 3864 per
2202 3777 2619 3864 privilegium
2664 3777 2841 3864 Apo-

747 3881 1046 3946 stolicum
1117 3903 1252 3946 non
1359 3887 1716 3968 exemptas,
1811 3881 2139 3960 videlicet,
2244 3887 2385 3946 tam
2476 3879 2835 3966 capitulum

747 3985 1026 4050 ecelesiae
1101 4007 1256 4062 suae,
1337 3991 1406 4050 et
1481 3987 1642 4050 alios
1717 3985 2053 4050 ministros
2138 3985 2439 4062 ecclesiae,
2508 3983 2843 4050 ministros

749 4109 1004 4174 quoque
1037 4089 1466 4166 ecclesiarum,
1517 4089 2035 4176 praebendalium
2084 4087 2509 4172 dignitatum,
2560 4093 2627 4152 et
2674 4107 2843 4152 com-

745 4213 976 4270 munae,
1043 4215 1240 4278 quam
1311 4191 1724 4258 ecclesiarum
1801 4191 2081 4254 aliarum
2160 4191 2693 4256 conventualium
2780 4197 2847 4256 et

745 4295 1252 4380 parochialium3
1359 4301 1430 4362 et
1503 4295 1682 4360 inter
1755 4301 2027 4360 caeteros
2094 4293 2463 4360 visitandos
2556 4293 2843 4360 maxime

747 4399 940 4464 debet
1013 4401 1352 4486 proprium
1427 4399 1700 4464 visitare
1745 4399 2125 4484 capitulum,
2176 4419 2323 4464 cum
2382 4401 2595 4486 ipsum
2670 4401 2843 4488 capi-

991 4593 1058 4600 .0—-.
1081 4595 1100 4598 .-
1119 4595 1124 4598 .
1169 4595 1176 4598 .
1211 4595 1224 4598 -
1265 4593 1292 4598 ....
1307 4595 1316 4598 .
1333 4595 1338 4598 .
1369 4593 1448 4598 hm-..
1461 4593 1472 4598 .-

817 4725 828 4752 ¹
863 4723 1006 4788 suas]
1045 4739 1200 4788 mcaS,
1219 4721 1380 4782 Trin„
1405 4723 1502 4774 Ox.
1731 4719 1742 4788 1
1839 4725 1856 4752 ‘-'
1881 4733 1928 4774 et
1946 4725 2099 4790 quod]
2138 4727 2383 4790 quodque,
2410 4725 2549 4776 Trin.

2856 2143 3039 2194 Ezech.

2856 2211 3033 2264 xxxiv.

2858 2283 2881 2326 1
2890 2283 2979 2328 5-1
2988 2281 3015 2330 7
3022 2317 3033 2328 .

2856 2449 2923 2498 In
2944 2451 3079 2502 what

2856 2517 2943 2566 the
2964 2519 3169 2586 seeding

2854 2601 2885 2634 a
2904 2583 3039 2636 flock

2854 2655 3077 2708 consistS.
