3875 5734
1069 799 1202 864 :368
1717 807 2011 858 Romam
2060 807 2523 858 eRossmEs'rn

1075 987 1340 1050 buentis
1383 985 1760 1072 hujusmodi
1819 987 2229 1074 potestatem,
2276 989 2345 1050 et
2412 1007 2559 1050 cum
2624 1005 2745 1070 per
2804 981 3177 1068 hujusmodi

1075 1089 1420 1178 potestatis
1495 1089 2003 1158 diminutionem
2078 1089 2443 1158 efficiantur
2514 1089 2735 1154 minus
2810 1087 3015 1152 validi
3096 1089 3177 1156 ad

1077 1195 1622 1282 comportandum
1665 1219 1832 1262 onus
1877 1217 2023 1262 cum
2068 1217 2187 1260 suo
2224 1191 2559 1284 superiori,
2606 1193 2693 1258 ad
2736 1193 2913 1278 quod
2958 1197 3177 1260 tamen

1077 1297 1394 1362 efficacius
1463 1303 1528 1364 et
1599 1299 1884 1364 validius
1968 1299 2487 1386 supportandum
2570 1319 2719 1362 cum
2786 1317 2861 1362 eo
2926 1319 3177 1384 accepe-

1079 1407 1240 1466 runt
1283 1407 1680 1488 potestatem
1727 1401 2169 1488 episcopalem,
2214 1403 2301 1468 ab
2364 1425 2441 1468 eo
2504 1401 2773 1468 nomine
2838 1401 3177 1468 evidenter

731 1530 1020 1594 Examples,
1079 1505 1480 1590 injuriantur
1537 1509 1602 1572 ei
1643 1529 1688 1572 a
1733 1529 1860 1592 quo
1919 1509 2211 1612 potestas
2270 1505 2361 1572 eis
2424 1509 2525 1572 est
2586 1505 2835 1570 collata.
2928 1503 2999 1572 Si
3060 1527 3177 1592 ego

733 1605 998 1730 giffg‘geza
999 1671 1046 1714 rt
1083 1615 1352 1694 portans
1413 1611 1664 1698 lignum
1709 1609 1838 1674 mei
1883 1609 2085 1674 solius
2126 1609 2377 1674 viribus
2446 1609 2645 1674 nimis
2708 1629 3067 1688 onerosum,
3112 1617 3179 1674 et

733 1731 794 1782 of
805 1731 886 1782 his
1085 1717 1352 1800 propter
1391 1713 1514 1778 hoc
1579 1713 1652 1776 in
1715 1713 2199 1776 alleviationem
2260 1713 2475 1778 oneris
2534 1713 2667 1776 mei
2728 1717 2797 1776 te
2858 1711 3179 1778 advocans

735 1799 1034 1916 &effigit-‘⁶⁰
1085 1815 1172 1880 ad
1245 1815 1782 1902 comportandum
1855 1837 2127 1892 mecum,
2180 1815 2545 1882 tribuerem
2590 1815 2733 1894 tibi,
2782 1815 2839 1880 si
2880 1815 3179 1902 possibile

735 1941 838 1996 ant,
1087 1923 1274 1998 esset,
1331 1941 1634 2004 magnam
1709 1923 1967 2004 partem
2042 1939 2335 1982 mearum
2406 1919 2671 1998 virium,
2752 1917 2883 1982 illis
2956 1923 3177 1982 tamen

1085 2021 1248 2088 mihi
1305 2043 1440 2086 non
1511 2021 1902 2106 imminutis,
1944 2025 2013 2088 et
2080 2025 2157 2086 tu
2220 2043 2329 2088 eas
2394 2021 2481 2088 ad
2540 2021 2663 2088 hoc
2718 2019 3033 2106 reciperes
3094 2021 3179 2088 ad

1085 2125 1260 2210 quod
1301 2125 1448 2190 illas
1491 2125 1622 2190 tibi
1665 2125 2041 2206 tribuerem,
2076 2123 2337 2192 nonne¹
2386 2125 2553 2190 mihi
2598 2147 2765 2190 esses
2810 2123 3173 2208 injuriosus

1083 2229 1136 2292 si
1181 2227 1308 2294 tibi
1355 2229 1448 2292 sic
1489 2229 1846 2294 attributas
1889 2253 1930 2292 a
1960 2251 2065 2294 me
2094 2229 2265 2294 vires
2310 2225 2557 2316 absque
2586 2251 2693 2294 me
2724 2227 3179 2294 imminueres2

737 2363 794 2398 or
811 2347 980 2410 aking
995 2355 1046 2396 to
1087 2331 1158 2396 Si
1201 2353 1322 2396 rex
1365 2331 1592 2394 tradat
1631 2331 1754 2396 sub
1797 2355 2003 2396 manu
2070 2331 2253 2398 ducis
2318 2331 2591 2416 alicujus
2652 2331 2831 2394 mille
2898 2337 3177 2396 armatos

735 2415 818 2466 his
833 2415 1048 2478 general.
1085 2433 1170 2500 ad
1235 2433 1808 2520 compraeliandum
1869 2439 2095 2500 tamen
2154 2435 2327 2520 regis
2394 2433 2713 2518 praelium,
2760 2439 2829 2500 et
2890 2433 3027 2496 dux
3070 2433 3177 2498 ille

1081 2539 1434 2604 imminuat
1505 2539 1634 2604 sibi
1721 2539 2113 2624 quingentos
2188 2537 2269 2602 de
2342 2537 2475 2602 illis
2556 2537 2843 2618 armatiS‚
2920 2559 3133 2602 nonne
3150 2535 3177 2574 ‘³

1085 2637 1364 2702 multum
1429 2637 1782 2724 injuriatur
1841 2637 2029 2724 regi?

737 2757 1018 2838 objecpion,
1175 2745 1274 2806 At
1319 2741 1490 2808 forte
1535 2741 1706 2806 dicet
1769 2740 2023 2826 aliquis,
2072 2739 2219 2806 Hoc
2268 2739 2447 2826 quod
2488 2739 2829 2804 imminuit
2872 2739 2997 2804 sibi
3042 2739 3175 2806 dux

735 2827 1020 2958 ᾗξζῑὶζὲᾈῃ
1021 2907 1048 2942 e
1089 2841 1464 2928 hujusmodi
1505 2843 1614 2908 vel
1673 2843 1832 2928 ligni
1881 2845 2337 2928 comportator,
2386 2841 2443 2906 si
2486 2841 2631 2906 aliis
2674 2841 2745 2906 id
2810 2841 3063 2908 tribuat
3106 2845 3177 2908 in

739 2959 788 3008 if
801 2961 888 3008 the
907 2975 1022 3036 pqr·
1053 2929 1068 2952 ’
1085 2947 1492 3032 adjutorium
1537 2945 1676 3030 ejus
1721 2969 1760 3010 a
1811 2967 1943 3032 quo
1986 2947 2125 3032 ipse
2170 2945 2473 3032 suscepit,
2528 2947 2643 3030 qui
2688 2949 2955 3010 tantum
3020 2947 3129 3012 vel
3148 2949 3175 2984 ³

741 3025 1046 3156 arg-affl&
1087 3049 1364 3136 amplius
1425 3049 1710 3134 juvavit,
1757 3051 2081 3134 quantum
2116 3049 2349 3132 juvare
2394 3057 2613 3136 posset
2678 3049 2833 3114 talis
2876 3051 3015 3114 dux
3072 3049 3179 3114 vel

739 3159 982 3210 assisted?
1087 3153 1254 3240 ligni
1301 3157 1738 3240 comportator
1765 3175 1880 3240 per
1925 3153 1997 3218 id
2042 3153 2219 3238 quod
2292 3153 2421 3218 sibi
2494 3153 2849 3232 imminuit,
2922 3153 2977 3218 si
3050 3153 3175 3220 sibi

1087 3255 1158 3318 id
1203 3259 1580 3332 reservaret,
1625 3255 1700 3318 in
1741 3255 1922 3320 nullo
1990 3255 2361 3342 injuriatur,
2438 3255 2613 3324 vires
2674 3255 2781 3324 vel
2826 3255 3129 3324 militiam
3150 3257 3173 3294 ⁴

1085 3359 1396 3444 praedicto
1441 3357 1634 3424 modo
1677 3357 2013 3424 tribuenti.

743 3465 960 3546 Apswer
979 3475 1032 3516 to
1179 3459 1310 3526 Sed
1355 3461 1492 3528 haec
1535 3463 1868 3550 responsio
1931 3463 2153 3528 minus
2198 3463 2421 3528 valida
2482 3469 2599 3542 est,
2666 3485 2813 3528 cum
2856 3463 3171 3550 liquidum

735 3533 854 3588 ’ω’
1087 3565 1192 3644 sit,
1241 3563 1414 3648 quod
1479 3563 1722 3650 absque
1785 3565 2131 3632 voluntate
2196 3567 2547 3654 superioris
2618 3567 2971 3632 tribuentis
3044 3591 3175 3634 non

1087 3669 1282 3734 debet
1327 3667 1684 3754 suscipiens
1725 3667 2113 3734 imminuere
2142 3669 2269 3734 sibi
2306 3675 2679 3756 susceptum
2718 3669 2793 3732 in
2838 3669 3177 3758 superioris

1085 3771 1572 3850 adminiculum,
1631 3771 1784 3838 licet
1853 3771 2027 3858 quod
2088 3771 2217 3838 sibi
2280 3773 2633 3840 imminuat
2694 3773 2769 3838 in
2828 3773 3001 3838 idem
3064 3775 3175 3840 ad-

1087 3873 1470 3940 miniculum
1533 3873 1680 3938 aliis
1745 3875 2011 3954 tradat3
2080 3873 2255 3940 unde
2304 3875 2479 3940 enim
2522 3875 2645 3942 scit
2698 3877 2753 3940 is
2776 3873 2821 3956 ⁵,
2868 3873 3021 3960 qui⁶
3084 3877 3175 3942 sic

1089 3977 1360 4066 suscipit
1427 3981 1496 4044 et
1541 3979 1766 4056 tradit,
1835 3979 2013 4064 quod
2080 3979 2371 4064 superior
2438 3979 2709 4044 tradens
2752 3977 2873 4044 hoc
2916 3983 3171 4064 gratum

1089 4081 1362 4146 habebit
1407 4085 1478 4146 et
1523 4081 1700 4164 quod
1765 4081 1838 4146 hi
1883 4081 1999 4166 qui
2044 4083 2127 4146 ab
2174 4101 2251 4146 eo
2298 4083 2667 4166 suscipiunt
2718 4081 3003 4168 primum
3048 4089 3173 4146 tra-

1087 4183 1354 4248 dentem
1397 4183 1682 4248 fideliter
1715 4183 2097 4268 juvabunt?
2166 4183 2361 4262 Quod
2406 4185 2463 4248 si
2504 4183 2823 4260 acciderit,
2856 4183 3175 4260 videlicet,
3206 4269 3217 4274 ..

1093 4397 1262 4406 ψ-

1663 4399 2121 4404 ---..-..--...-.--
2124 4397 2403 4404 —m—..ffl--ss
2406 4397 2587 4404 -..—-.0.—-—.

1159 4539 1174 4566 ¹
1211 4537 1386 4602 nonne]
1425 4551 1542 4596 non,
1579 4535 1796 4596 O.C.c.;
1833 4551 2001 4584 nonne
2030 4535 2085 4584 in
2252 4535 2271 4562 ⁴
2304 4533 2553 4600 militiam]
2590 4533 2849 4592 malitiam,
2874 4531 3013 4580 Trin.

1091 4629 1186 4676 me,
1211 4617 1354 4666 Trin.
2252 4617 2271 4644 ⁵
2308 4611 2377 4678 is]
2416 4613 2531 4674 hiis,
2554 4611 2733 4664 C.C.C.

1157 4697 1178 4726 ²
1211 4695 1388 4762 nonne]
1427 4695 1482 4744 in
1503 4713 1598 4754 me,
1621 4695 1764 4746 Τπ-111.
2256 4695 2277 4722 ⁶
2310 4695 2355 4740 in
2396 4731 2409 4742 .
2446 4731 2457 4742 .
2494 4731 2505 4742 .
2544 4731 2555 4740 .
2590 4691 2701 4758 qui]
2740 4707 2835 4740 om.
2862 4689 3003 4738 Trin.

1161 4779 1180 4806 ³
1211 4775 1310 4842 vel]
1349 4785 1412 4834 et,
1437 4775 1578 4826 Trin.
