3875 5734
1611 795 1973 846 EPISTOLAE.
2714 779 2841 844 399

751 969 936 1036 verbi
1001 969 1508 1034 annunciatione
1573 969 1734 1036 dicit
1811 967 2209 1056 Apostolus:
2332 969 2547 1036 Nemo
2636 971 2849 1054 potest
2880 989 2901 1032 1
2932 987 3045 1038 Cor.
3070 993 3159 1052 xii,

753 1071 970 1140 dicere
1027 1071 1376 1140 Dominus
1451 1071 1508 1138 J
1505 1095 1652 1138 esus
1691 1071 1840 1138 nisi
1897 1071 1985 1138 ‘im
2044 1071 2325 1158 Spiritu
2382 1073 2645 1140 Sancto,
2758 1069 2851 1134 Et
2874 1057 2921 1100 3·

753 1177 880 1244 nisi
923 1175 1110 1242 verbi
1171 1175 1512 1262 plenitudo
1579 1175 1904 1242 clauderet
1950 1175 2023 1240 in
2082 1197 2149 1242 se
2196 1177 2655 1264 operationem,
2716 1197 2851 1262 non

753 1281 994 1346 diceret
1037 1279 1198 1344 alibi
1243 1279 1600 1366 Apostolus
1645 1279 1726 1344 de
1771 1279 2165 1366 quibusdam
2234 1279 2451 1346 Deum
2496 1303 2605 1346 ore
2652 1279 2853 1366 confi·
2880 1295 2979 1348 Tit.
3004 1297 3037 1348 i.
3068 1305 3141 1354 16.

755 1383 1048 1450 tentibus
1107 1383 1232 1470 qui
1289 1405 1450 1450 cum
1491 1381 1706 1470 factis
1767 1389 2039 1470 moyam.
2164 1383 2233 1448 Is
2284 1383 2493 1470 igitur
2536 1383 2853 1450 veraciter

753 1493 854 1556 est
947 1489 1136 1554 verbi
1203 1485 1654 1566 annunciator,
1747 1485 1848 1572 cuj
1857 1509 1934 1554 us
2014 1485 2443 1552 annunciatio
2518 1487 2693 1554 vivit
2774 1487 2853 1552 de

749 1589 1046 1656 interiori
1089 1589 1220 1656 fide
1261 1591 1616 1656 informata
1677 1589 2021 1656 dilectione
2086 1591 2529 1678 operationem
2576 1591 2857 1656 exterio·

749 1717 886 1758 rem
931 1695 1130 1760 saluti
1175 1695 1544 1758 animarum
1589 1693 2013 1760 necessariam
2076 1693 2473 1780 producente
2494 1691 2531 1760 ¹.
2622 1693 2857 1782 Specu-

749 1799 924 1862 lator
1001 1797 1242 1884 itaque,
1321 1797 1436 1884 qui
1515 1797 1668 1862 talis
1741 1795 2275 1862 annunciationis
2370 1793 2591 1862 sonitu
2670 1795 2859 1882 quasi

751 1901 1026 1968 buccina
1069 1901 1346 1980 insonat,
1415 1899 1556 1966 viso
1581 1901 1604 1938 2
1649 1900 1870 1988 gladio
1937 1923 2127 1990 super
2172 1907 2419 1966 terram
2462 1899 2859 1990 venientem,

749 2005 1040 2070 animam
1085 2027 1266 2070 suam
1313 2003 1634 2070 liberavit.
1747 2005 2067 2092 Alioquin
2094 2005 2523 2094 proculdubio
2568 2025 2715 2070 reus
2762 2007 2859 2070 est

749 2107 1088 2194 sanguinis
1139 2109 1392 2186 animae,
1463 2109 1688 2174 ablato
1749 2109 1908 2196 ips0,
1954 2109 2233 2174 buccina
2292 2131 2431 2176 non
2494 2109 2859 2178 insonante.

753 2211 1036 2278 Buccina
1081 2213 1256 2278 enim
1321 2211 1468 2298 quis
1511 2233 1648 2278 non
1693 2213 1969 2294 insonat,
2016 2213 2147 2278 nisi
2196 2213 2559 2278 doctrinam
2618 2213 2861 2278 saluta-

749 2337 906 2396 rem,
955 2337 1152 2402 quam
1197 2317 1506 2382 exteriori
1551 2317 1750 2382 verbo
1781 2317 1910 2382 oris
1942 2317 2205 2404 profert,
2236 2317 2363 2382 fide
2394 2315 2589 2382 firma
2616 2321 2857 2396 teneat,

751 2421 994 2486 affectu
1085 2421 1334 2486 sincero
1411 2419 1888 2486 invincibiliter
1978 2421 2234 2506 diligat,
2312 2427 2381 2484 et
2456 2419 2859 2508 infatigabili

751 2523 962 2610 operis
1007 2523 1318 2590 exercitio
1363 2523 1700 2610 compleat,
1763 2529 1842 2590 ut
1907 2523 2227 2610 populum
2272 2523 2401 2590 sibi
2444 2525 2859 2592 commissum

749 2633 974 2694 contra
1057 2627 1352 2716 gladium
1439 2627 2007 2716 supervenientem
2078 2625 2355 2706 muniat,
2440 2649 2575 2692 non
2650 2629 2857 2694 solum

751 2721 970 2796 verbis
1031 2731 1435 2809 sonantibus
1503 2729 1616 2794 sed
1661 2731 1872 2796 multo
1919 2729 2201 2816 amplius
2248 2729 2553 2818 operibus
2598 2751 2685 2794 ex
2728 2731 2857 2794 fide

753 2833 1068 2920 diligente
1127 2833 1526 2914 viventibus,
1575 2833 1648 2896 in
1693 2833 1973 2899 salutem
2040 2833 2415 2898 animarum
2456 2833 2853 2922 proficienti-

751 2937 890 3002 bus
1013 2937 1180 3018 Quis
1241 2941 1464 3002 autem
1531 2937 1808 3024 negabit
1873 2959 2073 3024 opera
2142 2937 2567 3018 visitationiS,
2616 2959 2858 3004 correc-

749 3041 970 3122 tionis,
1017 3045 1088 3108 et
1131 3039 1610 3106 reformationis
1651 3041 1726 3104 in
1755 3041 2039 3108 salutem
2082 3041 2455 3106 animarum
2500 3041 2857 3130 plurimum

753 3147 1106 3232 proficere?

845 3249 1182 3330 Quomodo
1253 3249 1460 3336 igitur
1533 3249 1902 3318 secludetur
1974 3255 2047 3316 et
2120 3251 2487 3338 excipietur
2530 3273 2571 3316 a
2630 3251 2855 3318 sonitu
2884 3257 2983 3306 and
3004 3251 3147 3306 other

753 3351 1044 3418 buccinae
1087 3375 1224 3418 vox
1265 3351 1500 3418 horum
1547 3357 1856 3438 operum?
1948 3353 2225 3420 Habent
2272 3355 2463 3436 enim,
2512 3359 2589 3420 ut
2634 3377 2857 3442 supra·
2884 3337 3063 3388 examp
3064 3321 3151 3370 1⁶³⁶

753 3459 1004 3522 tactum
1067 3459 1184 3538 est,
1255 3477 1452 3544 opera
1517 3457 1770 3544 pondus
1837 3457 2015 3522 vocis
2084 3461 2153 3522 et
2216 3459 2527 3524 clamoris.
2640 3457 2859 3526 Aliter

755 3561 928 3624 enim
969 3583 1108 3626 non
1153 3559 1430 3626 dixisset
1473 3559 1800 3626 Dominus
1843 3561 1932 3626 ad
1978 3561 2251 3648 Ohaym,
2314 3561 2455 3630 Vooe
2484 3561 2857 3648 sanyuiwis
2884 3565 3009 3618 Gen.
3030 3561 3185 3612 imm.

741 3663 996 3750 fratris
1093 3663 1204 3730 tui
1283 3663 1532 3730 clamat
1595 3663 1692 3730 ad
1765 3687 1870 3730 ‘me
1933 3665 2013 3732 de
2078 3671 2287 3746 terret,-
2352 3687 2565 3754 neque
2640 3665 2687 3730 J
2688 3667 2853 3732 udas

749 3767 1170 3850 ‘Machabaeus
1235 3771 1480 3834 orasset
1527 3767 1904 3852 Dominum,
1952 3775 2031 3836 ut
2076 3791 2295 3836 vocem
2340 3763 2713 3856 &damaim-s*
2760 3769 2851 3836 ad
2878 3779 2909 3824 2
2932 3765 3187 3822 Maaviii·

755 3891 818 3936 se
885 3871 1252 3938 clamantis
1327 3871 1638 3954 audire&
1685 3895 1802 3938 nec
1865 3873 2141 3940 dixisset
2206 3873 2551 3954 DominUS,
2596 3873 2849 3938 clamor
2876 3849 3005 3960 gen.
3024 3897 3169 3952 xviii.

751 3975 1200 4044 Sodomorum
1275 3983 1334 4044 et
1397 3975 1912 4046 Gomorreomm
1962 3977 2469 4070 multiplicatus
2528 3983 2623 4042 est
2640 4001 2671 4058 ;
2730 3999 2847 4044 nec
2874 3979 2953 4028 2⁰·

755 4077 1028 4142 dixisset
1047 4077 1292 4142 iterum
1315 4077 1532 4164 Moysi
1565 4079 1874 4146 exteriori
1897 4101 2057 4146 voce
2086 4079 2349 4156 tacenti,
2386 4077 2573 4160 Quid
2596 4077 2847 4144 clamas
2874 4091 3035 4146 Exod.
3058 4081 3165 4132 xiv.

755 4179 848 4248 ad
863 4185 1004 4248 me?
1049 4203 1170 4248 nec
1199 4179 1526 4248 diceretur
1555 4183 1728 4268 quod
1757 4183 2073 4272 lacrymae
2100 4181 2333 4250 viduo&
2364 4179 2457 4248 ad
2484 4179 2849 4248 mamillam
2880 4163 2953 4212 ¹5·

749 4285 1180 4368 descendunt,
1211 4293 1272 4354 et
1319 4287 1712 4356 emdamaztio
1757 4287 1898 4376 ejus
1942 4311 2149 4378 super
2198 4285 2637 4354 dedwcentem
2686 4307 2799 4354 eas
2818 4311 2847 4368 ;
2872 4223 3141 4350 {gre-sl&

821 4701 834 4732 ‘
863 4699 1184 4768 producente]
1219 4713 1320 4752 om.
1343 4697 1524 4752 C.C.G.
1789 4697 1802 4768 1
1913 4701 1936 4732 2
1964 4699 2093 4766 viso]
2132 4699 2205 4758 in,
2228 4697 2373 4748 Trin.
