3875 5734
1671 873 2027 926 EPISTOLAE.
2770 855 2901 930 237

807 1049 942 1110 met
983 1043 1268 1130 punivit,
1331 1047 1470 1132 ipse
1517 1047 1921 1132 dijudicavit.
2016 1045 2343 1130 Consequi
2388 1047 2587 1110 etiam
2634 1045 2905 1110 videtur

805 1169 888 1212 ex
931 1149 1158 1212 eadem
1201 1147 1570 1212 intentione
1621 1153 1842 1214 vestra
1905 1147 2083 1234 quod
2146 1147 2517 1234 quicunque
2562 1149 2643 1212 de
2688 1149 2901 1234 cujus-

803 1273 1052 1336 cunque
1097 1251 1186 1314 sit
1221 1249 1696 1334 jurisdictione,
1767 1271 2153 1336 quocunque
2214 1249 2635 1336 praefatorum
2678 1251 2901 1314 modo-

803 1375 948 1416 rum
977 1353 1364 1438 delinquens
1391 1353 1466 1416 in
1493 1351 1975 1430 auctoritatem,
2008 1353 2421 1438 dignitatem,
2466 1353 2577 1416 vel
2620 1353 2899 1418 officium

803 1455 1158 1542 episcopale
1203 1455 1276 1520 in
1323 1477 1650 1542 quoquam
1695 1455 2121 1542 praefatorum
2162 1455 2467 1532 locorum,
2516 1455 2613 1520 ita
2658 1455 2777 1520 fiat
2820 1457 2901 1522 de

797 1557 1250 1648 jurisdictione
1295 1563 1518 1624 vestra
1571 1557 1826 1624 ratione
1867 1557 2157 1624 locorum
2202 1557 2275 1622 in
2320 1557 2559 1644 quibus
2588 1557 2901 1622 delictum

805 1659 1254 1740 committitur,
1325 1659 1502 1746 quod
1565 1659 1898 1746 episcopus
1966 1663 2183 1726 Vester
2242 1681 2379 1724 non
2422 1659 2631 1746 possit
2674 1659 2901 1746 hujus·

803 1765 980 1830 modi
1047 1763 1358 1830 delictum
1421 1767 2001 1848 quantumcunque
2068 1761 2403 1828 notorium
2462 1763 2899 1828 incontinenti

803 1867 1030 1952 punire
1099 1869 1168 1932 et
1229 1865 1568 1954 corrigere,
1639 1865 1752 1932 sed
1817 1869 2119 1954 oporteat
2164 1865 2539 1952 episcopum
2582 1871 2895 1946 vestrum,

803 1971 924 2034 hoc
965 1969 1390 2056 impunitum,
1435 1973 1516 2034 ut
1561 1991 1760 2056 supra
1805 1969 2059 2034 dictum
2104 1973 2219 2050 est,
2268 1969 2615 2048 dimittere,
2664 1971 2769 2034 vel
2814 1971 2897 2034 ad

805 2095 992 2136 suum
1021 2071 1394 2136 inferiorem
1439 2073 1522 2136 ab
1569 2093 1642 2136 eo
1679 2071 2085 2158 judicialiter
2130 2071 2611 2138 discutiendum
2642 2073 2893 2138 referre.

803 2175 954 2238 Alia
999 2161 1256 2260 quoque
1307 2175 1548 2240 delicta
1617 2197 1658 2238 a
1711 2175 2207 2262 quibuscunque
2270 2175 2895 2262 praenominatorum

803 2275 1172 2360 ubicunque
1215 2277 1572 2354 commissa,
1605 2277 1712 2342 vel
1743 2297 1784 2340 a
1813 2277 2309 2364 quibuscunque
2338 2277 2483 2342 aliis
2528 2277 2601 2340 in
2646 2299 2897 2364 praeno-

803 2379 1070 2442 minatis
1099 2379 1258 2444 locis
1289 2379 1646 2460 commissa,
1685 2383 2263 2466 quantumcunque
2306 2379 2553 2444 fuerint
2598 2379 2895 2466 episcopo

805 2481 1074 2562 notoria,
1121 2487 1702 2568 quantumcunque
1745 2481 2007 2568 publice
2054 2503 2269 2546 coram
2314 2481 2541 2546 eodem
2586 2481 2893 2560 confessa,

803 2587 1158 2650 secundum
1189 2585 1714 2670 consequentiam
1743 2583 2137 2650 intentionis
2180 2589 2439 2664 vestrae,
2472 2605 2605 2650 non
2650 2585 2895 2672 poterit

803 2687 1134 2774 episcopus
1181 2691 1398 2752 vester
1441 2687 1882 2754 incontinenti
1950 2687 2185 2774 punire
2244 2697 2313 2752 et
2382 2689 2715 2774 corrigere,
2784 2689 2899 2754 sed

805 2789 1128 2874 oportebit
1199 2789 1376 2874 quod
1439 2789 1646 2856 Jacob
1715 2793 1784 2854 et
1851 2789 2075 2854 David
2140 2789 2415 2854 videant
2478 2791 2619 2854 luce
2664 2791 2899 2856 clarius

805 2913 956 2958 oves
983 2913 1148 2970 suas»,
1197 2913 1472 2976 quarum
1517 2891 1832 2956 damnum
1875 2895 2193 2958 tenentur
2234 2891 2595 2970 restituere,
2642 2913 2685 2956 a
2724 2891 2899 2978 lupis

805 2999 870 3060 et
929 2993 1230 3060 leonibus
1301 2999 1370 3060 et
1433 2993 1606 3058 ursis
1669 2993 1971 3074 detineri,
2036 3015 2157 3060 nec
2220 2995 2565 3058 audebunt
2632 3015 2739 3058 eas
2812 2991 2897 3056 ab

803 3117 1022 3162 eorum
1051 3095 1376 3162 morsibus
1403 3095 1844 3162 incontinenti
1893 3097 2139 3182 eripere
2166 3121 2183 3176 ;
2246 3095 2361 3160 sed
2400 3115 2655 3160 necesse
2700 3093 2899 3158 habe-

803 3199 968 3264 bunt
1031 3221 1184 3264 cum
1227 3199 1494 3284 propria
1539 3197 1922 3264 confusione
1940 3195 1959 3234 ¹
2010 3197 2085 3262 in
2150 3195 2353 3262 oculis
2414 3195 2697 3284 propriis
2742 3219 2895 3262 oves

803 3301 1092 3388 proprias
1151 3301 1540 3388 permittere
1609 3321 1650 3364 a
1713 3301 1947 3366 bestiis
2010 3299 2331 3380 suffocari,
2394 3299 2503 3364 vel
2548 3301 2735 3384 quasi
2778 3321 2895 3386 pro

805 3423 1086 3490 congruo
1149 3403 1436 3468 remedio
1503 3401 1870 3488 pastoribus
1956 3403 2079 3468 sub
2138 3423 2207 3466 se
2274 3403 2667 3480 constitutis,
2736 3407 2897 3468 tunc

803 3505 968 3576 forte
1011 3505 1360 3590 agentibus
1403 3505 1478 3568 in
1521 3505 1820 3590 partibus
1847 3505 2133 3582 remotiS,
2166 3503 2343 3592 quod
2388 3525 2541 3570 oves
2584 3527 2625 3570 a
2670 3503 2895 3570 bestiis

803 3605 1164 3672 lacerantur
1205 3605 1534 3672 nunciare.

893 3709 1390 3776 Credendumne
1451 3713 1552 3774 est
1613 3707 1736 3774 hoc
1797 3707 2023 3774 fecisse
2066 3707 2317 3774 Jacob?
2374 3709 2489 3794 qui
2546 3707 2893 3796 propriam,
2922 3731 3051 3786 Gen.
3074 3731 3227 3784 xxxi,

803 3811 928 3886 sed
977 3817 1250 3892 coaetus,
1317 3811 1488 3876 eirca
1529 3811 1876 3876 salvandas
1921 3833 2075 3876 oves
2118 3833 2557 3876 rememorans
2616 3813 2893 3900 diligen-
2920 3807 3003 3864 3⁸2
3022 3807 3105 3866 3⁹²
3128 3807 3213 3860 40·

803 3913 980 3992 tiam,
1027 3913 1126 3978 ait
1169 3915 1256 3978 ad
1303 3913 1574 3978 Laban:
1643 3913 1806 3980 Oves
1855 3919 1995 3978 tuoe
2052 3919 2111 3980 et
2172 3935 2393 4000 caprea
2454 3913 2705 3980 steriles
2746 3935 2895 3980 ‘non

791 4013 1088 4098 fuerunt
1109 4041 1136 4094 ;
1201 4015 1444 4082 arietes
1499 4015 1722 4102 yreyis
1789 4015 1900 4080 tui
1944 4035 2091 4082 ‘non
2134 4015 2407 4094 comedi,
2460 4037 2577 4080 neo
2620 4023 2895 4104 captum

805 4137 852 4182 α
893 4117 1096 4182 bestico
1153 4117 1428 4184 tradidi
1471 4117 1616 4198 tibi,
1667 4137 1778 4206 690
1825 4117 2171 4184 damnum
2228 4137 2427 4184 omne.
2484 4117 2841 4184 reddebam
2862 4143 2893 4200 ;

805 4217 1132 4306 quiequid
1161 4217 1364 4306 furto
1409 4221 1730 4308 perierat,
1775 4241 1822 4286 α
1865 4239 1973 4286 me
2014 4217 2315 4304 exiqebas
2332 4245 2361 4300 ;
2408 4219 2521 4286 die
2564 4227 2895 4308 ‘noctuque

803 4329 966 4388 cestu
1007 4321 1256 4388 urebar
1313 4329 1372 4390 et
1425 4323 1598 4408 gleba,
1635 4321 1955 4410 sumebat
1998 4345 2279 4390 somnus
2322 4323 2405 4390 ab
2450 4323 2669 4390 oculis
2710 4323 2895 4392 meis,

803 4421 870 4488 N
871 4423 1122 4510 unquid
1151 4443 1286 4488 non
1329 4425 1542 4512 magis
1575 4425 1971 4490 credendum
2012 4429 2115 4490 est
2160 4425 2335 4512 quod
2362 4425 2637 4512 ipsemet
2666 4425 2895 4506 Jacob,

803 4525 1342 4614 interpretatione
1405 4525 1708 4608 luctator,
1775 4527 1920 4594 visa
1994 4549 2117 4594 ove
2190 4527 2265 4590 in
2334 4547 2445 4592 ore
2518 4527 2727 4592 leonis
2788 4529 2895 4594 vel

1435 4851 1448 4884 ¹
1481 4851 1790 4920 confusione]
1827 4811 2073 4918 0011111810,
2092 4851 2269 4906 0.c.0.
2364 4877 2367 4880 ⁴
