3875 5734
1547 789 1900 840 EPISTOLAE.
2190 833 2193 836 .
2646 779 2673 842 1
2690 777 2777 850 8¹7

701 993 816 1060 que
857 969 1222 1056 pollentem,
1271 929 1468 1056 quam
1513 969 1584 1032 in
1629 969 1836 1034 altero
1883 929 2333 1036 deficientem:
2382 969 2499 1038 sed
2530 975 2779 1058 quanto

701 1075 976 1166 operatio
1037 1077 1136 1140 est
1199 1073 1412 1162 major
1479 1073 1790 1152 doctrina,
1841 1079 1910 1140 et
1974 1078 2223 1162 quanto
2286 1075 2415 1142 iter
2474 1097 2779 1164 peragere

701 1181 900 1268 majus
971 1185 1070 1246 est
1145 1201 1346 1266 quam
1419 1201 1550 1266 qua
1601 1179 1892 1246 eundum
1954 1185 2055 1246 est
2128 1179 2527 1268 prospicere;
2586 1185 2779 1248 tanto

599 1323 604 1328 0
701 1287 1022 1354 vobiscum
1057 1283 1370 1372 majorem
1415 1291 1794 1374 reputamus
1841 1291 1908 1354 et
1956 1285 2391 1374 praeeligimus
2450 1291 2777 1376 pastorem

701 1393 986 1480 operibus
1031 1393 1374 1456 strenuum
1419 1391 1560 1456 sine
1607 1389 1922 1458 doctrinae
1972 1391 2359 1470 eruditione,
2408 1413 2607 1478 quam
2634 1413 2775 1480 pre-

699 1497 858 1562 clare
929 1495 1268 1560 docentem
1343 1495 1586 1580 absque
1661 1515 1928 1582 operum
2006 1495 2415 1560 strenuitate.
2506 1495 2781 1584 Insuper

701 1623 780 1668 ex
819 1601 948 1666 fine
989 1599 1286 1688 rescripti
1329 1599 1536 1666 vestri
1581 1599 1987 1688 percepimus
2030 1599 2207 1686 quod
2250 1603 2493 1666 nostrae
2522 1599 2779 1688 paginae

701 1705 842 1770 finis
915 1705 1200 1770 habebat
1273 1703 1528 1792 aliquid
1603 1705 1906 1770 nubilum
1978 1703 2053 1768 in
2112 1725 2241 1792 (1110
2310 1705 2531 1792 potuit
2606 1705 2781 1770 credi

701 1809 932 1896 aliquid
997 1833 1298 1896 asperum
1387 1833 1504 1876 8011
1593 1809 2035 1898 pungitivum.
2130 1809 2261 1876 Sed
2322 1809 2489 1876 sciat
2546 1809 2781 1876 caritas

703 1917 910 1980 vestra
953 1915 1126 2002 quod
1169 1915 1254 1980 de
1295 1913 1634 2004 imperitia
1679 1913 2025 2002 eloquendi
2088 1913 2283 2002 plane
2346 1915 2523 2000 quod
2566 1915 2779 1980 volui-

701 2043 854 2100 111118,
899 2019 1210 2106 processit
1255 2025 1332 2084 ut
1379 2019 1820 2108 pungitivum,
1871 2019 2045 2108 quod
2106 2043 2517 2106 nequaquam
2560 2019 2779 2086 inten-

703 2123 1016 2202 debamus
1063 2125 1160 2190 ibi
1205 2125 1500 2214 potuerit
1543 2145 1806 2210 quoquo
1853 2125 2047 2190 modo
2094 2147 2417 2212 apparere.
2496 2125 2779 2190 Avertat

701 2229 866 2296 enim
909 2253 948 2294 a
991 2229 1180 2294 nobis
1227 2229 1556 2294 Dominus
1619 2233 1696 2294 ut
1749 2251 2139 2316 quenquam,
2186 2229 2433 2296 nedum
2492 2233 2779 2294 Vestram

705 2335 1100 2400 sanctitatem
1175 2335 1364 2400 nobis
1457 2337 1770 2422 perpetuo
1841 2335 2253 2414 carissimam,
2344 2333 2779 2422 malignitatis

701 2439 960 2524 alicujus
1021 2439 1242 2504 aculeo
1315 2441 1790 2526 attemptemus
1879 2441 2273 2526 contingere,
2326 2443 2391 2504 et
2454 2439 2779 2504 credimus

703 2543 966 2632 firmiter
1011 2543 1186 2628 quod
1231 2543 1372 2610 haec
1433 2547 1658 2608 vestra
1701 2541 1941 2608 caritas
2008 2541 2091 2610 de
2152 2543 2345 2610 nobis
2388 2565 2527 2608 non
2570 2543 2779 2632 suspi-

707 2651 896 2712 catur.
989 2645 1120 2712 Sed
1193 2647 1270 2712 in
1343 2647 1776 2734 generalitate
1849 2647 2223 2726 verborum,
2300 2667 2447 2732 quae
2506 2647 2581 2712 in
2650 2647 2781 2712 fine

707 2755 936 2818 nostrae
1007 2751 1262 2840 paginae
1337 2751 1688 2838 posuimus
1739 2751 2259 2832 intendebamus,
2326 2751 2501 2838 quod
2560 2753 2785 2816 tamen

709 2857 914 2922 minus
979 2855 1430 2942 expressimus,
1477 2855 1666 2942 quasi
1729 2855 2107 2922 medicinali
2166 2855 2335 2922 ferro
2380 2855 2637 2922 saniosa
2678 2859 2783 2922 tu-

711 2961 856 3026 bera
893 2961 1124 3048 cupide
1169 2961 1608 3048 aspirantium
1661 2961 1748 3026 ad
1807 2961 2077 3048 majora,
2128 2961 2475 3026 salubriter
2520 2961 2787 3048 aperire,

713 3069 776 3130 et
815 3065 1054 3132 saniem
1099 3063 1484 3150 exprimere,
1545 3069 1616 3130 et
1677 3063 2109 3150 emplastrum
2152 3063 2529 3130 sanativum
2592 3087 2787 3154 appo-

709 3189 866 3234 nere.
983 3169 1286 3234 Vestram
1359 3173 1584 3234 autem
1673 3167 2117 3250 sanctitatem,
2196 3189 2395 3256 quam
2470 3169 2791 3236 veraciter

651 3273 656 3278 ’
709 3273 1014 3340 credimus
1057 3279 1124 3340 et
1169 3297 1504 3360 speramus
1565 3273 1640 3338 in
1703 3273 1995 3338 Domino
2040 3273 2087 3338 J
2090 3295 2201 3338 esu
2264 3273 2527 3340 Christo
2588 3273 2789 3340 since-

709 3377 1030 3456 rissimam,
1075 3377 1580 3444 intendebamus
1625 3399 1760 3442 non
1805 3377 2019 3444 solum
2082 3399 2199 3466 per
2240 3379 2503 3466 paginae
2544 3381 2787 3444 nostrae

711 3481 1112 3560 totalitatem,
1175 3483 1290 3546 sed
1359 3505 1476 3570 per
1541 3481 1834 3568 singulas
1881 3481 2023 3568 ejus
2074 3483 2445 3568 particulas,
2496 3481 2787 3568 quinimo

711 3591 774 3650 et
815 3609 926 3672 per
971 3585 1260 3672 singulas
1327 3583 1468 3670 ejus
1517 3585 1836 3650 dictiones
1883 3589 1951 3650 et
1998 3585 2283 3672 syllabas
2328 3591 2397 3650 et
2438 3585 2665 3650 literas
2712 3607 2785 3650 eo

713 3687 894 3754 modo
953 3687 1288 3754 stimulare
1355 3689 1430 3752 in
1493 3711 1716 3776 pugna
1783 3693 1852 3754 et
1897 3711 2093 3754 cursu
2136 3687 2449 3754 ferventis
2516 3687 2641 3754 zeli
2708 3687 2787 3752 de

711 3789 930 3858 idoneo
971 3797 1230 3880 pastore
1253 3793 1692 3880 praeficiendo
1737 3793 1810 3858 in
1871 3791 2139 3858 ecclesia
2184 3791 2559 3870 Wintoniae,
2626 3813 2783 3878 qu0-··

711 3897 892 3960 modo
935 3901 1330 3984 spectatores
1361 3897 1646 3960 viriliter
1687 3897 2133 3982 pugnantium
2162 3897 2423 3962 eosdem
2468 3897 2787 3984 applausu

713 3999 1042 4064 stimulant
1105 4005 1176 4064 et
1235 4001 1528 4066 excitant
1593 3999 1678 4064 ad
1745 3999 2011 4064 acrioris
2084 4021 2323 4088 pugnae
2396 3999 2787 4066 indefessam

711 4103 1274 4184 continuationem,
1319 4107 1390 4170 et
1433 4125 1752 4190 equorum
1793 4125 2251 4192 generosorum
2310 4125 2585 4170 sessores
2652 4125 2787 4170 008-

709 4205 848 4272 dem
893 4227 1128 4292 equos,
1165 4211 1310 4272 toto
1381 4209 1618 4274 annisu
1687 4213 1922 4296 sponte
1970 4213 2317 4290 currentes,
2362 4209 2787 4274 nihilominus

709 4309 1050 4374 calcaribus
1123 4315 1366 4398 urgent
1439 4311 1526 4376 ad
1601 4331 1826 4376 cursus
1913 4311 2237 4398 integram
2310 4311 2785 4398 perfectionem.

713 4411 830 4480 His
875 4413 1152 4480 stimulis
1195 4413 1554 4480 multifarie
1583 4413 2051 4502 multiplicatis,
2100 4419 2401 4502 optamus
2436 4419 2577 4482 toto
2624 4417 2793 4482 desi-

713 4515 880 4584 derio
923 4539 1038 4584 vos
1081 4517 1536 4584 indesinenter
1565 4519 1894 4584 stimulari
1937 4521 2013 4584 in
2056 4519 2397 4584 indefessis
2438 4543 2661 4608 pugna
2724 4527 2789 4586 et

711 4645 890 4688 cursu
959 4623 1262 4710 praedicti
1319 4623 1490 4704 zeli3
1559 4623 1778 4704 donec,
1829 4627 2049 4690 vestro
2112 4629 2499 4710 cooperante
2562 4623 2787 4688 minis-

709 4729 880 4810 terio,
923 4729 1284 4816 providerit
1329 4727 1658 4794 Dominus
1725 4727 2011 4794 ecclesiae
2054 4749 2189 4794 suae
2238 4725 2319 4792 de
2364 4725 2485 4792 tali
2526 4731 2787 4812 pastore
