<?xml version="1.0" encoding="UTF-8"?>
<!DOCTYPE html PUBLIC "-//W3C//DTD XHTML 1.0 Transitional//EN"
    "http://www.w3.org/TR/xhtml1/DTD/xhtml1-transitional.dtd">
<html xmlns="http://www.w3.org/1999/xhtml" xml:lang="en" lang="en">
 <head>
  <title>
</title>
<meta http-equiv="Content-Type" content="text/html;charset=utf-8" />
  <meta name='ocr-system' content='tesseract 3.04.00' />
  <meta name='ocr-capabilities' content='ocr_page ocr_carea ocr_par ocr_line ocrx_word'/>
</head>
<body>
  <div class='ocr_page' id='page_1' title='image "./robertigrossete01luargoog_0376.png"; bbox 0 0 3875 5734; ppageno 0'>
   <div class='ocr_carea' id='block_1_1' title="bbox 975 855 2427 922">
    <p class='ocr_par' dir='ltr' id='par_1_1' title="bbox 975 855 2427 922">
     <span class='ocr_line' id='line_1_1' title="bbox 975 855 2427 922; baseline 0.001 -4"><span class='ocrx_word' id='word_1_1' title='bbox 975 855 1114 920; x_wconf 24' lang='lat'><strong>⁴236</strong></span> <span class='ocrx_word' id='word_1_2' title='bbox 1625 867 1922 918; x_wconf 69' lang='lat' dir='ltr'><strong>ROB-Emi</strong></span> <span class='ocrx_word' id='word_1_3' title='bbox 1968 867 2427 922; x_wconf 71' lang='lat' dir='ltr'><strong>Gnossn&#39;ms&#39;rs</strong></span> 
     </span>
    </p>
   </div>
   <div class='ocr_carea' id='block_1_2' title="bbox 647 1047 3061 4624">
    <p class='ocr_par' dir='ltr' id='par_1_2' title="bbox 983 1047 3059 1134">
     <span class='ocr_line' id='line_1_2' title="bbox 983 1047 3059 1134; baseline -0.001 -22"><span class='ocrx_word' id='word_1_4' title='bbox 983 1053 1220 1114; x_wconf 77' lang='lat' dir='ltr'><strong>vestrae</strong></span> <span class='ocrx_word' id='word_1_5' title='bbox 1241 1047 1782 1134; x_wconf 73' lang='lat' dir='ltr'><strong>consequentiam,</strong></span> <span class='ocrx_word' id='word_1_6' title='bbox 1805 1071 1938 1114; x_wconf 88' lang='lat' dir='ltr'><strong>non</strong></span> <span class='ocrx_word' id='word_1_7' title='bbox 1962 1047 2205 1134; x_wconf 85' lang='lat' dir='ltr'><strong>poterit</strong></span> <span class='ocrx_word' id='word_1_8' title='bbox 2228 1047 2565 1134; x_wconf 82' lang='lat' dir='ltr'><strong>episeopus</strong></span> <span class='ocrx_word' id='word_1_9' title='bbox 2594 1051 2811 1114; x_wconf 84' lang='lat' dir='ltr'><strong>vester</strong></span> <span class='ocrx_word' id='word_1_10' title='bbox 2838 1047 3059 1132; x_wconf 85' lang='lat' dir='ltr'><strong>hujus-</strong></span> 
     </span>
    </p>

    <p class='ocr_par' dir='ltr' id='par_1_3' title="bbox 983 1147 3057 1238">
     <span class='ocr_line' id='line_1_3' title="bbox 983 1147 3057 1238; baseline -0.001 -22"><span class='ocrx_word' id='word_1_11' title='bbox 983 1149 1162 1216; x_wconf 84' lang='lat' dir='ltr'>modi</span> <span class='ocrx_word' id='word_1_12' title='bbox 1185 1149 1600 1216; x_wconf 86' lang='lat' dir='ltr'><strong>commissum</strong></span> <span class='ocrx_word' id='word_1_13' title='bbox 1629 1149 1756 1218; x_wconf 87' lang='lat' dir='ltr'><strong>sibi</strong></span> <span class='ocrx_word' id='word_1_14' title='bbox 1783 1149 2045 1238; x_wconf 84' lang='lat' dir='ltr'><strong>suisque</strong></span> <span class='ocrx_word' id='word_1_15' title='bbox 2076 1155 2235 1218; x_wconf 90' lang='lat' dir='ltr'><strong>tunc</strong></span> <span class='ocrx_word' id='word_1_16' title='bbox 2256 1147 2593 1214; x_wconf 85' lang='lat' dir='ltr'><strong>notorium</strong></span> <span class='ocrx_word' id='word_1_17' title='bbox 2620 1149 3057 1216; x_wconf 69' lang='lat' dir='ltr'>incontinenti</span> 
     </span>
    </p>

    <p class='ocr_par' dir='ltr' id='par_1_4' title="bbox 981 1251 3055 1342">
     <span class='ocr_line' id='line_1_4' title="bbox 981 1251 3055 1342; baseline -0.001 -22"><span class='ocrx_word' id='word_1_18' title='bbox 981 1255 1234 1340; x_wconf 86' lang='lat' dir='ltr'><strong>punire,</strong></span> <span class='ocrx_word' id='word_1_19' title='bbox 1279 1255 1394 1320; x_wconf 83' lang='lat' dir='ltr'><strong>sed</strong></span> <span class='ocrx_word' id='word_1_20' title='bbox 1437 1255 1766 1342; x_wconf 84' lang='lat' dir='ltr'><strong>oportebit</strong></span> <span class='ocrx_word' id='word_1_21' title='bbox 1809 1277 1959 1320; x_wconf 86' lang='lat' dir='ltr'><strong>eum</strong></span> <span class='ocrx_word' id='word_1_22' title='bbox 2020 1257 2141 1322; x_wconf 90' lang='lat' dir='ltr'><strong>hoc</strong></span> <span class='ocrx_word' id='word_1_23' title='bbox 2206 1251 2613 1340; x_wconf 87' lang='lat' dir='ltr'><strong>impunitum</strong></span> <span class='ocrx_word' id='word_1_24' title='bbox 2676 1251 3055 1338; x_wconf 84' lang='lat' dir='ltr'><strong>relinquere,</strong></span> 
     </span>
    </p>

    <p class='ocr_par' dir='ltr' id='par_1_5' title="bbox 981 1355 3057 1446">
     <span class='ocr_line' id='line_1_5' title="bbox 981 1355 3057 1446; baseline 0 -24"><span class='ocrx_word' id='word_1_25' title='bbox 981 1357 1088 1422; x_wconf 86' lang='lat' dir='ltr'><strong>vel</strong></span> <span class='ocrx_word' id='word_1_26' title='bbox 1133 1357 1218 1422; x_wconf 84' lang='lat' dir='ltr'><strong>ad</strong></span> <span class='ocrx_word' id='word_1_27' title='bbox 1263 1377 1454 1422; x_wconf 85' lang='lat' dir='ltr'><strong>suum</strong></span> <span class='ocrx_word' id='word_1_28' title='bbox 1495 1357 1868 1424; x_wconf 86' lang='lat' dir='ltr'><strong>inferiorem</strong></span> <span class='ocrx_word' id='word_1_29' title='bbox 1907 1357 2161 1434; x_wconf 86' lang='lat' dir='ltr'><strong>referre,</strong></span> <span class='ocrx_word' id='word_1_30' title='bbox 2210 1377 2425 1422; x_wconf 86' lang='lat' dir='ltr'><strong>eoram</strong></span> <span class='ocrx_word' id='word_1_31' title='bbox 2480 1377 2615 1446; x_wconf 56' lang='lat' dir='ltr'><strong>¹⁴quo</strong></span> <span class='ocrx_word' id='word_1_32' title='bbox 2658 1355 2951 1422; x_wconf 85' lang='lat' dir='ltr'><strong>inferiori</strong></span> <span class='ocrx_word' id='word_1_33' title='bbox 3002 1355 3057 1422; x_wconf 88' lang='lat' dir='ltr'><strong>is</strong></span> 
     </span>
    </p>

    <p class='ocr_par' dir='ltr' id='par_1_6' title="bbox 981 1459 3059 1548">
     <span class='ocr_line' id='line_1_6' title="bbox 981 1459 3059 1548; baseline 0 -24"><span class='ocrx_word' id='word_1_34' title='bbox 981 1461 1096 1548; x_wconf 90' lang='lat' dir='ltr'><strong>qui</strong></span> <span class='ocrx_word' id='word_1_35' title='bbox 1161 1461 1392 1526; x_wconf 82' lang='lat' dir='ltr'><strong>taliter</strong></span> <span class='ocrx_word' id='word_1_36' title='bbox 1447 1461 1784 1540; x_wconf 82' lang='lat' dir='ltr'><strong>commisit,</strong></span> <span class='ocrx_word' id='word_1_37' title='bbox 1833 1481 1981 1524; x_wconf 91' lang='lat' dir='ltr'><strong>cum</strong></span> <span class='ocrx_word' id='word_1_38' title='bbox 2046 1461 2223 1524; x_wconf 86' lang='lat' dir='ltr'><strong>idem</strong></span> <span class='ocrx_word' id='word_1_39' title='bbox 2280 1459 2697 1524; x_wconf 85' lang='lat' dir='ltr'><strong>commissum</strong></span> <span class='ocrx_word' id='word_1_40' title='bbox 2780 1481 2915 1524; x_wconf 88' lang='lat' dir='ltr'><strong>non</strong></span> <span class='ocrx_word' id='word_1_41' title='bbox 2974 1461 3059 1524; x_wconf 82' lang='lat' dir='ltr'><strong>sit</strong></span> 
     </span>
    </p>

    <p class='ocr_par' dir='ltr' id='par_1_7' title="bbox 983 1561 3057 1856">
     <span class='ocr_line' id='line_1_7' title="bbox 983 1561 3053 1650; baseline -0.001 -22"><span class='ocrx_word' id='word_1_42' title='bbox 983 1563 1172 1650; x_wconf 89' lang='lat' dir='ltr'><strong>apud·</strong></span> <span class='ocrx_word' id='word_1_43' title='bbox 1203 1563 1482 1630; x_wconf 88' lang='lat' dir='ltr'><strong>eundem</strong></span> <span class='ocrx_word' id='word_1_44' title='bbox 1527 1563 1892 1630; x_wconf 81' lang='lat' dir='ltr'><strong>inferiorem</strong></span> <span class='ocrx_word' id='word_1_45' title='bbox 1937 1563 2287 1640; x_wconf 87' lang='lat' dir='ltr'><strong>notorium,</strong></span> <span class='ocrx_word' id='word_1_46' title='bbox 2344 1561 2619 1626; x_wconf 85' lang='lat' dir='ltr'><strong>habebit</strong></span> <span class='ocrx_word' id='word_1_47' title='bbox 2662 1561 2719 1626; x_wconf 87' lang='lat' dir='ltr'><strong>si</strong></span> <span class='ocrx_word' id='word_1_48' title='bbox 2760 1563 3053 1640; x_wconf 84' lang='lat' dir='ltr'><strong>voluerit,</strong></span> 
     </span>
     <span class='ocr_line' id='line_1_8' title="bbox 983 1663 3057 1752; baseline 0 -22"><span class='ocrx_word' id='word_1_49' title='bbox 983 1665 1308 1752; x_wconf 83' lang='lat' dir='ltr'><strong>legitimas</strong></span> <span class='ocrx_word' id='word_1_50' title='bbox 1353 1665 1766 1744; x_wconf 59' lang='lat' dir='ltr'><strong>defensiones</strong></span> <span class='ocrx_word' id='word_1_51' title='bbox 1811 1687 1928 1730; x_wconf 89' lang='lat' dir='ltr'><strong>nec</strong></span> <span class='ocrx_word' id='word_1_52' title='bbox 1972 1665 2219 1752; x_wconf 88' lang='lat' dir='ltr'><strong>poterit</strong></span> <span class='ocrx_word' id='word_1_53' title='bbox 2246 1665 2487 1752; x_wconf 85' lang='lat' dir='ltr'><strong>puniri,</strong></span> <span class='ocrx_word' id='word_1_54' title='bbox 2532 1663 2677 1744; x_wconf 89' lang='lat' dir='ltr'><strong>nisi,</strong></span> <span class='ocrx_word' id='word_1_55' title='bbox 2724 1671 3057 1730; x_wconf 87' lang='lat' dir='ltr'><strong>accusante</strong></span> 
     </span>
     <span class='ocr_line' id='line_1_9' title="bbox 985 1767 3057 1856; baseline 0 -22"><span class='ocrx_word' id='word_1_56' title='bbox 985 1769 1284 1856; x_wconf 86' lang='lat' dir='ltr'><strong>episcopo</strong></span> <span class='ocrx_word' id='word_1_57' title='bbox 1349 1767 1650 1854; x_wconf 85' lang='lat' dir='ltr'><strong>legitime,</strong></span> <span class='ocrx_word' id='word_1_58' title='bbox 1721 1767 2059 1854; x_wconf 83' lang='lat' dir='ltr'><strong>contingat</strong></span> <span class='ocrx_word' id='word_1_59' title='bbox 2122 1767 2403 1832; x_wconf 84' lang='lat' dir='ltr'><strong>eundem</strong></span> <span class='ocrx_word' id='word_1_60' title='bbox 2466 1767 2775 1832; x_wconf 82' lang='lat' dir='ltr'><strong>convinci.</strong></span> <span class='ocrx_word' id='word_1_61' title='bbox 2876 1767 3057 1834; x_wconf 87' lang='lat' dir='ltr'>Idem</span> 
     </span>
    </p>

    <p class='ocr_par' dir='ltr' id='par_1_8' title="bbox 985 1871 3057 2062">
     <span class='ocr_line' id='line_1_10' title="bbox 985 1871 3057 1958; baseline 0.001 -22"><span class='ocrx_word' id='word_1_62' title='bbox 985 1893 1244 1958; x_wconf 86' lang='lat' dir='ltr'><strong>quoque</strong></span> <span class='ocrx_word' id='word_1_63' title='bbox 1309 1871 1556 1936; x_wconf 85' lang='lat' dir='ltr'><strong>accidet</strong></span> <span class='ocrx_word' id='word_1_64' title='bbox 1599 1871 1654 1936; x_wconf 91' lang='lat' dir='ltr'><strong>si</strong></span> <span class='ocrx_word' id='word_1_65' title='bbox 1697 1871 2041 1956; x_wconf 86' lang='lat' dir='ltr'><strong>quisquam</strong></span> <span class='ocrx_word' id='word_1_66' title='bbox 2104 1871 2731 1956; x_wconf 75' lang='lat' dir='ltr'><strong>praenominatorum</strong></span> <span class='ocrx_word' id='word_1_67' title='bbox 2790 1871 3057 1956; x_wconf 84' lang='lat' dir='ltr'><strong>repellat</strong></span> 
     </span>
     <span class='ocr_line' id='line_1_11' title="bbox 985 1973 3057 2062; baseline 0 -22"><span class='ocrx_word' id='word_1_68' title='bbox 985 1975 1358 2062; x_wconf 85' lang='lat' dir='ltr'><strong>episcopum</strong></span> <span class='ocrx_word' id='word_1_69' title='bbox 1401 1977 1692 2040; x_wconf 81' lang='lat' dir='ltr'><strong>vestrum</strong></span> <span class='ocrx_word' id='word_1_70' title='bbox 1735 1973 1820 2038; x_wconf 84' lang='lat' dir='ltr'><strong>ab</strong></span> <span class='ocrx_word' id='word_1_71' title='bbox 1865 1973 2169 2038; x_wconf 85' lang='lat' dir='ltr'><strong>ordinum</strong></span> <span class='ocrx_word' id='word_1_72' title='bbox 2214 1973 2323 2040; x_wconf 82' lang='lat' dir='ltr'><strong>vel</strong></span> <span class='ocrx_word' id='word_1_73' title='bbox 2368 1973 2747 2040; x_wconf 81' lang='lat' dir='ltr'><strong>divinorum</strong></span> <span class='ocrx_word' id='word_1_74' title='bbox 2790 1973 3057 2040; x_wconf 85' lang='lat' dir='ltr'><strong>celebra-</strong></span> 
     </span>
    </p>

    <p class='ocr_par' dir='ltr' id='par_1_9' title="bbox 983 2077 3053 2162">
     <span class='ocr_line' id='line_1_12' title="bbox 983 2077 3053 2162; baseline 0 -20"><span class='ocrx_word' id='word_1_75' title='bbox 983 2077 1180 2156; x_wconf 89' lang='lat' dir='ltr'><strong>tione,</strong></span> <span class='ocrx_word' id='word_1_76' title='bbox 1251 2097 1366 2142; x_wconf 90' lang='lat' dir='ltr'><strong>seu</strong></span> <span class='ocrx_word' id='word_1_77' title='bbox 1421 2097 1822 2162; x_wconf 84' lang='lat' dir='ltr'><strong>quorumque</strong></span> <span class='ocrx_word' id='word_1_78' title='bbox 1883 2081 2433 2142; x_wconf 86' lang='lat' dir='ltr'><strong>sacramentorum</strong></span> <span class='ocrx_word' id='word_1_79' title='bbox 2480 2077 3053 2156; x_wconf 70' lang='lat' dir='ltr'><strong>administratione,</strong></span> 
     </span>
    </p>

    <p class='ocr_par' dir='ltr' id='par_1_10' title="bbox 983 2177 3057 2366">
     <span class='ocr_line' id='line_1_13' title="bbox 983 2177 3055 2266; baseline 0 -22"><span class='ocrx_word' id='word_1_80' title='bbox 983 2201 1120 2244; x_wconf 91' lang='lat' dir='ltr'><strong>non</strong></span> <span class='ocrx_word' id='word_1_81' title='bbox 1173 2179 1384 2244; x_wconf 86' lang='lat' dir='ltr'><strong>solum</strong></span> <span class='ocrx_word' id='word_1_82' title='bbox 1413 2177 1484 2244; x_wconf 90' lang='lat' dir='ltr'><strong>in</strong></span> <span class='ocrx_word' id='word_1_83' title='bbox 1511 2177 1838 2266; x_wconf 82' lang='lat' dir='ltr'><strong>praedictis</strong></span> <span class='ocrx_word' id='word_1_84' title='bbox 1879 2179 2055 2260; x_wconf 77' lang='lat' dir='ltr'><strong>lociS,</strong></span> <span class='ocrx_word' id='word_1_85' title='bbox 2104 2179 2217 2244; x_wconf 85' lang='lat' dir='ltr'><strong>sed</strong></span> <span class='ocrx_word' id='word_1_86' title='bbox 2250 2179 2451 2244; x_wconf 86' lang='lat' dir='ltr'><strong>etiam</strong></span> <span class='ocrx_word' id='word_1_87' title='bbox 2478 2179 2553 2244; x_wconf 89' lang='lat' dir='ltr'><strong>in</strong></span> <span class='ocrx_word' id='word_1_88' title='bbox 2580 2177 2731 2244; x_wconf 89' lang='lat' dir='ltr'><strong>aliis</strong></span> <span class='ocrx_word' id='word_1_89' title='bbox 2774 2179 3055 2266; x_wconf 87' lang='lat' dir='ltr'><strong>ejusdem</strong></span> 
     </span>
     <span class='ocr_line' id='line_1_14' title="bbox 985 2279 3057 2366; baseline 0 -20"><span class='ocrx_word' id='word_1_90' title='bbox 985 2281 1294 2348; x_wconf 72' lang='lat' dir='ltr'><strong>dioecesis,</strong></span> <span class='ocrx_word' id='word_1_91' title='bbox 1407 2279 1728 2348; x_wconf 83' lang='lat' dir='ltr'><strong>Similiter</strong></span> <span class='ocrx_word' id='word_1_92' title='bbox 1769 2285 1995 2346; x_wconf 87' lang='lat' dir='ltr'><strong>autem</strong></span> <span class='ocrx_word' id='word_1_93' title='bbox 2046 2281 2301 2346; x_wconf 88' lang='lat' dir='ltr'><strong>accidet</strong></span> <span class='ocrx_word' id='word_1_94' title='bbox 2346 2281 2403 2346; x_wconf 90' lang='lat' dir='ltr'><strong>si</strong></span> <span class='ocrx_word' id='word_1_95' title='bbox 2448 2283 2791 2366; x_wconf 85' lang='lat' dir='ltr'><strong>quisquam</strong></span> <span class='ocrx_word' id='word_1_96' title='bbox 2838 2303 3057 2346; x_wconf 85' lang='lat' dir='ltr'><strong>eorun-</strong></span> 
     </span>
    </p>

    <p class='ocr_par' dir='ltr' id='par_1_11' title="bbox 983 2381 3059 2672">
     <span class='ocr_line' id='line_1_15' title="bbox 985 2381 3059 2470; baseline 0 -22"><span class='ocrx_word' id='word_1_97' title='bbox 985 2383 1134 2448; x_wconf 87' lang='lat' dir='ltr'><strong>dem</strong></span> <span class='ocrx_word' id='word_1_98' title='bbox 1175 2381 1250 2448; x_wconf 88' lang='lat' dir='ltr'><strong>in</strong></span> <span class='ocrx_word' id='word_1_99' title='bbox 1293 2381 1626 2470; x_wconf 77' lang='lat' dir='ltr'><strong>praedictis</strong></span> <span class='ocrx_word' id='word_1_100' title='bbox 1695 2383 1852 2448; x_wconf 84' lang='lat' dir='ltr'><strong>locis</strong></span> <span class='ocrx_word' id='word_1_101' title='bbox 1911 2405 2027 2448; x_wconf 87' lang='lat' dir='ltr'><strong>seu</strong></span> <span class='ocrx_word' id='word_1_102' title='bbox 2096 2383 2171 2448; x_wconf 88' lang='lat' dir='ltr'><strong>in</strong></span> <span class='ocrx_word' id='word_1_103' title='bbox 2220 2381 2371 2448; x_wconf 86' lang='lat' dir='ltr'><strong>aliis</strong></span> <span class='ocrx_word' id='word_1_104' title='bbox 2432 2383 2721 2470; x_wconf 82' lang='lat' dir='ltr'><strong>ejusdem</strong></span> <span class='ocrx_word' id='word_1_105' title='bbox 2778 2385 3059 2448; x_wconf 84' lang='lat' dir='ltr'><strong>dioecesis</strong></span> 
     </span>
     <span class='ocr_line' id='line_1_16' title="bbox 983 2481 3059 2574; baseline 0 -24"><span class='ocrx_word' id='word_1_106' title='bbox 983 2489 1382 2574; x_wconf 74' lang='lat' dir='ltr'><strong>contemptii,</strong></span> <span class='ocrx_word' id='word_1_107' title='bbox 1427 2485 1784 2564; x_wconf 85' lang='lat' dir='ltr'><strong>omissione,</strong></span> <span class='ocrx_word' id='word_1_108' title='bbox 1851 2485 1961 2550; x_wconf 87' lang='lat' dir='ltr'><strong>vel</strong></span> <span class='ocrx_word' id='word_1_109' title='bbox 2024 2481 2433 2574; x_wconf 78' lang='lat' dir='ltr'><strong>negligentia</strong></span> <span class='ocrx_word' id='word_1_110' title='bbox 2508 2507 2903 2572; x_wconf 77' lang='lat' dir='ltr'><strong>quacunque,</strong></span> <span class='ocrx_word' id='word_1_111' title='bbox 2948 2509 3059 2552; x_wconf 88' lang='lat' dir='ltr'><strong>seu</strong></span> 
     </span>
     <span class='ocr_line' id='line_1_17' title="bbox 983 2583 3055 2672; baseline -0.001 -22"><span class='ocrx_word' id='word_1_112' title='bbox 983 2583 1288 2652; x_wconf 86' lang='lat' dir='ltr'><strong>convitiis</strong></span> <span class='ocrx_word' id='word_1_113' title='bbox 1317 2589 1386 2650; x_wconf 91' lang='lat' dir='ltr'><strong>et</strong></span> <span class='ocrx_word' id='word_1_114' title='bbox 1431 2583 1854 2662; x_wconf 86' lang='lat' dir='ltr'><strong>contumeliis,</strong></span> <span class='ocrx_word' id='word_1_115' title='bbox 1899 2605 2015 2650; x_wconf 84' lang='lat' dir='ltr'><strong>seu</strong></span> <span class='ocrx_word' id='word_1_116' title='bbox 2044 2589 2625 2670; x_wconf 84' lang='lat' dir='ltr'><strong>quantumcunque</strong></span> <span class='ocrx_word' id='word_1_117' title='bbox 2668 2585 3055 2672; x_wconf 83' lang='lat' dir='ltr'><strong>gravissimis</strong></span> 
     </span>
    </p>

    <p class='ocr_par' dir='ltr' id='par_1_12' title="bbox 981 2685 3055 2774">
     <span class='ocr_line' id='line_1_18' title="bbox 981 2685 3055 2774; baseline 0 -22"><span class='ocrx_word' id='word_1_118' title='bbox 981 2687 1240 2772; x_wconf 82' lang='lat' dir='ltr'><strong>injuriis</strong></span> <span class='ocrx_word' id='word_1_119' title='bbox 1283 2687 1358 2752; x_wconf 88' lang='lat' dir='ltr'><strong>in</strong></span> <span class='ocrx_word' id='word_1_120' title='bbox 1385 2687 1856 2766; x_wconf 83' lang='lat' dir='ltr'><strong>auctoritatem,</strong></span> <span class='ocrx_word' id='word_1_121' title='bbox 1903 2685 2315 2774; x_wconf 81' lang='lat' dir='ltr'><strong>dignitatem,</strong></span> <span class='ocrx_word' id='word_1_122' title='bbox 2346 2685 2457 2752; x_wconf 87' lang='lat' dir='ltr'><strong>vel</strong></span> <span class='ocrx_word' id='word_1_123' title='bbox 2500 2685 2783 2752; x_wconf 85' lang='lat' dir='ltr'><strong>officium</strong></span> <span class='ocrx_word' id='word_1_124' title='bbox 2826 2687 3055 2774; x_wconf 88' lang='lat' dir='ltr'><strong>episeo-</strong></span> 
     </span>
    </p>

    <p class='ocr_par' dir='ltr' id='par_1_13' title="bbox 647 2787 3059 3390">
     <span class='ocr_line' id='line_1_19' title="bbox 651 2787 3057 2878; baseline -0.001 -24"><span class='ocrx_word' id='word_1_125' title='bbox 651 2795 812 2874; x_wconf 60' lang='lat' dir='ltr'><strong>Engl-</strong></span> <span class='ocrx_word' id='word_1_126' title='bbox 983 2789 1128 2878; x_wconf 91' lang='lat' dir='ltr'><strong>pale</strong></span> <span class='ocrx_word' id='word_1_127' title='bbox 1169 2811 1306 2856; x_wconf 89' lang='lat' dir='ltr'><strong>non</strong></span> <span class='ocrx_word' id='word_1_128' title='bbox 1355 2795 1658 2856; x_wconf 81' lang='lat' dir='ltr'><strong>vereatur</strong></span> <span class='ocrx_word' id='word_1_129' title='bbox 1715 2789 2133 2856; x_wconf 85' lang='lat' dir='ltr'><strong>committere.</strong></span> <span class='ocrx_word' id='word_1_130' title='bbox 2226 2787 2531 2876; x_wconf 85' lang='lat' dir='ltr'><strong>Legimus</strong></span> <span class='ocrx_word' id='word_1_131' title='bbox 2598 2793 2823 2854; x_wconf 85' lang='lat' dir='ltr'><strong>tamen</strong></span> <span class='ocrx_word' id='word_1_132' title='bbox 2874 2789 3057 2854; x_wconf 83' lang='lat' dir='ltr'><strong>aliter</strong></span> 
     </span>
     <span class='ocr_line' id='line_1_20' title="bbox 651 2867 3057 3002; baseline 0 -44"><span class='ocrx_word' id='word_1_133' title='bbox 651 2867 902 3002; x_wconf 51' lang='lat' dir='ltr'>{vffimffi</span> <span class='ocrx_word' id='word_1_134' title='bbox 985 2895 1066 2958; x_wconf 92' lang='lat' dir='ltr'><strong>de</strong></span> <span class='ocrx_word' id='word_1_135' title='bbox 1113 2893 1340 2980; x_wconf 84' lang='lat' dir='ltr'><strong>Moyse</strong></span> <span class='ocrx_word' id='word_1_136' title='bbox 1367 2917 1386 2972; x_wconf 89' lang='lat'>;</span> <span class='ocrx_word' id='word_1_137' title='bbox 1445 2893 1558 2978; x_wconf 86' lang='lat' dir='ltr'><strong>qui</strong></span> <span class='ocrx_word' id='word_1_138' title='bbox 1609 2895 1957 2980; x_wconf 85' lang='lat' dir='ltr'><strong>postquam</strong></span> <span class='ocrx_word' id='word_1_139' title='bbox 2000 2891 2431 2958; x_wconf 82' lang='lat' dir='ltr'><strong>constituerat</strong></span> <span class='ocrx_word' id='word_1_140' title='bbox 2476 2891 2597 2958; x_wconf 83' lang='lat' dir='ltr'><strong>sub</strong></span> <span class='ocrx_word' id='word_1_141' title='bbox 2642 2913 2711 2958; x_wconf 91' lang='lat' dir='ltr'><strong>se</strong></span> <span class='ocrx_word' id='word_1_142' title='bbox 2754 2889 3057 2958; x_wconf 64' lang='lat' dir='ltr'><strong>tribunos</strong></span> 
     </span>
     <span class='ocr_line' id='line_1_21' title="bbox 647 2967 3057 3084; baseline -0.003 -16"><span class='ocrx_word' id='word_1_143' title='bbox 647 2967 932 3084; x_wconf 34' lang='lat' dir='ltr'><strong>arbmergts</strong></span> <span class='ocrx_word' id='word_1_144' title='bbox 985 3003 1044 3062; x_wconf 78' lang='lat' dir='ltr'><strong>et</strong></span> <span class='ocrx_word' id='word_1_145' title='bbox 1089 2997 1508 3062; x_wconf 46' lang='lat' dir='ltr'><strong>centuadones</strong></span> <span class='ocrx_word' id='word_1_146' title='bbox 1551 3003 1614 3062; x_wconf 75' lang='lat' dir='ltr'><strong>et</strong></span> <span class='ocrx_word' id='word_1_147' title='bbox 1655 2993 2279 3082; x_wconf 54' lang='lat' dir='ltr'><strong>quinquayemffl‘os</strong></span> <span class='ocrx_word' id='word_1_148' title='bbox 2324 3001 2383 3060; x_wconf 77' lang='lat' dir='ltr'><strong>et</strong></span> <span class='ocrx_word' id='word_1_149' title='bbox 2412 2995 2701 3060; x_wconf 73' lang='lat' dir='ltr'><strong>decanos</strong></span> <span class='ocrx_word' id='word_1_150' title='bbox 2742 2993 2837 3060; x_wconf 76' lang='lat' dir='ltr'><strong>ad</strong></span> <span class='ocrx_word' id='word_1_151' title='bbox 2868 2993 3057 3080; x_wconf 66' lang='lat' dir='ltr'><strong>judi-</strong></span> 
     </span>
     <span class='ocr_line' id='line_1_22' title="bbox 647 3085 3059 3204; baseline -0.002 -38"><span class='ocrx_word' id='word_1_152' title='bbox 647 3087 778 3204; x_wconf 55' lang='lat' dir='ltr'><strong>{ffi}</strong></span> <span class='ocrx_word' id='word_1_153' title='bbox 795 3085 962 3150; x_wconf 82' lang='lat' dir='ltr'><strong>Scrip-</strong></span> <span class='ocrx_word' id='word_1_154' title='bbox 987 3099 1290 3166; x_wconf 70' lang='lat' dir='ltr'><strong>candum</strong></span> <span class='ocrx_word' id='word_1_155' title='bbox 1325 3097 1670 3186; x_wconf 71' lang='lat' dir='ltr'><strong>populum</strong></span> <span class='ocrx_word' id='word_1_156' title='bbox 1711 3097 1904 3164; x_wconf 68' lang='lat' dir='ltr'><strong>ommi</strong></span> <span class='ocrx_word' id='word_1_157' title='bbox 1946 3103 2245 3186; x_wconf 72' lang='lat' dir='ltr'><strong>tempore,</strong></span> <span class='ocrx_word' id='word_1_158' title='bbox 2306 3097 2733 3162; x_wconf 86' lang='lat' dir='ltr'><strong>nihilominus</strong></span> <span class='ocrx_word' id='word_1_159' title='bbox 2790 3097 3059 3186; x_wconf 85' lang='lat' dir='ltr'><strong>ipsemet</strong></span> 
     </span>
     <span class='ocr_line' id='line_1_23' title="bbox 761 3189 3057 3288; baseline 0 -22"><span class='ocrx_word' id='word_1_160' title='bbox 761 3189 772 3204; x_wconf 67' lang='lat'><em>⁶</em></span> <span class='ocrx_word' id='word_1_161' title='bbox 987 3201 1298 3268; x_wconf 85' lang='lat' dir='ltr'><strong>delictum</strong></span> <span class='ocrx_word' id='word_1_162' title='bbox 1343 3201 1628 3266; x_wconf 86' lang='lat' dir='ltr'><strong>filiorum</strong></span> <span class='ocrx_word' id='word_1_163' title='bbox 1673 3201 1878 3268; x_wconf 85' lang='lat' dir='ltr'><strong>Israel</strong></span> <span class='ocrx_word' id='word_1_164' title='bbox 1935 3201 2349 3268; x_wconf 87' lang='lat' dir='ltr'><strong>commissum</strong></span> <span class='ocrx_word' id='word_1_165' title='bbox 2390 3201 2461 3264; x_wconf 91' lang='lat' dir='ltr'><strong>in</strong></span> <span class='ocrx_word' id='word_1_166' title='bbox 2508 3201 2787 3268; x_wconf 88' lang='lat' dir='ltr'><strong>officium</strong></span> <span class='ocrx_word' id='word_1_167' title='bbox 2848 3207 3057 3288; x_wconf 87' lang='lat' dir='ltr'><strong>pasto-</strong></span> 
     </span>
     <span class='ocr_line' id='line_1_24' title="bbox 985 3303 3057 3390; baseline 0 -22"><span class='ocrx_word' id='word_1_168' title='bbox 985 3304 1120 3370; x_wconf 88' lang='lat' dir='ltr'><strong>rale</strong></span> <span class='ocrx_word' id='word_1_169' title='bbox 1163 3305 1238 3370; x_wconf 88' lang='lat' dir='ltr'><strong>in</strong></span> <span class='ocrx_word' id='word_1_170' title='bbox 1281 3305 1482 3370; x_wconf 82' lang='lat' dir='ltr'><strong>vituli</strong></span> <span class='ocrx_word' id='word_1_171' title='bbox 1547 3303 1724 3370; x_wconf 89' lang='lat' dir='ltr'><strong>aurei</strong></span> <span class='ocrx_word' id='word_1_172' title='bbox 1787 3303 2173 3370; x_wconf 85' lang='lat' dir='ltr'><strong>conflatione</strong></span> <span class='ocrx_word' id='word_1_173' title='bbox 2220 3309 2289 3370; x_wconf 89' lang='lat' dir='ltr'><strong>et</strong></span> <span class='ocrx_word' id='word_1_174' title='bbox 2334 3303 2621 3390; x_wconf 86' lang='lat' dir='ltr'><strong>ejusdem</strong></span> <span class='ocrx_word' id='word_1_175' title='bbox 2686 3303 3057 3370; x_wconf 85' lang='lat' dir='ltr'><strong>adoratione</strong></span> 
     </span>
    </p>

    <p class='ocr_par' dir='ltr' id='par_1_14' title="bbox 647 3405 3059 3702">
     <span class='ocr_line' id='line_1_25' title="bbox 647 3405 3057 3496; baseline 0 -22"><span class='ocrx_word' id='word_1_176' title='bbox 647 3405 812 3486; x_wconf 57' lang='lat' dir='ltr'><strong>Exegi.</strong></span> <span class='ocrx_word' id='word_1_177' title='bbox 983 3407 1508 3492; x_wconf 82' lang='lat' dir='ltr'><strong>delinquentium</strong></span> <span class='ocrx_word' id='word_1_178' title='bbox 1565 3411 1770 3474; x_wconf 85' lang='lat' dir='ltr'><strong>morte</strong></span> <span class='ocrx_word' id='word_1_179' title='bbox 1793 3405 1814 3444; x_wconf 88' lang='lat'>¹</span> <span class='ocrx_word' id='word_1_180' title='bbox 1847 3407 2145 3494; x_wconf 41' lang='lat' dir='ltr'><strong>{punivit</strong></span> <span class='ocrx_word' id='word_1_181' title='bbox 2186 3407 2613 3496; x_wconf 71' lang='lat' dir='ltr'><strong>vitulumque</strong></span> <span class='ocrx_word' id='word_1_182' title='bbox 2652 3405 3057 3474; x_wconf 76' lang='lat' dir='ltr'><strong>combustum</strong></span> 
     </span>
     <span class='ocr_line' id='line_1_26' title="bbox 649 3479 3057 3604; baseline 0 -28"><span class='ocrx_word' id='word_1_183' title='bbox 649 3489 814 3524; x_wconf 77' lang='lat' dir='ltr'><strong>xm.</strong></span> <span class='ocrx_word' id='word_1_184' title='bbox 839 3479 920 3526; x_wconf 71' lang='lat'><strong>2⁰⁰</strong></span> <span class='ocrx_word' id='word_1_185' title='bbox 983 3519 1042 3576; x_wconf 77' lang='lat' dir='ltr'><strong>et</strong></span> <span class='ocrx_word' id='word_1_186' title='bbox 1089 3511 1462 3578; x_wconf 66' lang='lat' dir='ltr'><strong>contritum</strong></span> <span class='ocrx_word' id='word_1_187' title='bbox 1489 3531 1698 3598; x_wconf 77' lang='lat' dir='ltr'><strong>usque</strong></span> <span class='ocrx_word' id='word_1_188' title='bbox 1735 3511 1828 3576; x_wconf 74' lang='lat' dir='ltr'><strong>ad</strong></span> <span class='ocrx_word' id='word_1_189' title='bbox 1865 3511 2217 3598; x_wconf 67' lang='lat' dir='ltr'><strong>pulverem</strong></span> <span class='ocrx_word' id='word_1_190' title='bbox 2262 3509 2351 3578; x_wconf 69' lang='lat' dir='ltr'><strong>in</strong></span> <span class='ocrx_word' id='word_1_191' title='bbox 2396 3533 2655 3598; x_wconf 74' lang='lat' dir='ltr'><strong>aquam</strong></span> <span class='ocrx_word' id='word_1_192' title='bbox 2706 3509 2963 3604; x_wconf 65' lang='lat' dir='ltr'><strong>sparsit,</strong></span> <span class='ocrx_word' id='word_1_193' title='bbox 3000 3517 3057 3576; x_wconf 70' lang='lat' dir='ltr'><strong>et</strong></span> 
     </span>
     <span class='ocr_line' id='line_1_27' title="bbox 965 3613 3059 3702; baseline 0.001 -24"><span class='ocrx_word' id='word_1_194' title='bbox 965 3613 1160 3700; x_wconf 77' lang='lat' dir='ltr'><strong>filios</strong></span> <span class='ocrx_word' id='word_1_195' title='bbox 1203 3613 1256 3678; x_wconf 90' lang='lat' dir='ltr'><strong><em>I</em></strong></span> <span class='ocrx_word' id='word_1_196' title='bbox 1251 3615 1430 3678; x_wconf 67' lang='lat' dir='ltr'><strong>srael</strong></span> <span class='ocrx_word' id='word_1_197' title='bbox 1471 3633 1548 3678; x_wconf 73' lang='lat' dir='ltr'><strong>ecc</strong></span> <span class='ocrx_word' id='word_1_198' title='bbox 1591 3635 1658 3678; x_wconf 85' lang='lat' dir='ltr'><strong>eo</strong></span> <span class='ocrx_word' id='word_1_199' title='bbox 1693 3613 1971 3700; x_wconf 67' lang='lat' dir='ltr'><strong>potavit,</strong></span> <span class='ocrx_word' id='word_1_200' title='bbox 2016 3619 2093 3678; x_wconf 84' lang='lat' dir='ltr'><strong>ut</strong></span> <span class='ocrx_word' id='word_1_201' title='bbox 2134 3635 2251 3700; x_wconf 84' lang='lat' dir='ltr'><strong>per</strong></span> <span class='ocrx_word' id='word_1_202' title='bbox 2294 3613 2415 3678; x_wconf 90' lang='lat' dir='ltr'><strong>hoc</strong></span> <span class='ocrx_word' id='word_1_203' title='bbox 2460 3637 2565 3678; x_wconf 90' lang='lat' dir='ltr'><strong>eos</strong></span> <span class='ocrx_word' id='word_1_204' title='bbox 2612 3615 2727 3700; x_wconf 86' lang='lat' dir='ltr'><strong>qui</strong></span> <span class='ocrx_word' id='word_1_205' title='bbox 2778 3614 3059 3702; x_wconf 89' lang='lat' dir='ltr'><strong>delique-</strong></span> 
     </span>
    </p>

    <p class='ocr_par' dir='ltr' id='par_1_15' title="bbox 979 3715 3057 4008">
     <span class='ocr_line' id='line_1_28' title="bbox 979 3715 3055 3802; baseline 0.001 -22"><span class='ocrx_word' id='word_1_206' title='bbox 979 3723 1132 3782; x_wconf 88' lang='lat' dir='ltr'><strong>rant</strong></span> <span class='ocrx_word' id='word_1_207' title='bbox 1161 3717 1248 3780; x_wconf 88' lang='lat' dir='ltr'><strong>ab</strong></span> <span class='ocrx_word' id='word_1_208' title='bbox 1279 3715 1426 3780; x_wconf 87' lang='lat' dir='ltr'><strong>aliis</strong></span> <span class='ocrx_word' id='word_1_209' title='bbox 1471 3717 1898 3780; x_wconf 72' lang='lat' dir='ltr'><strong>discerneret,2</strong></span> <span class='ocrx_word' id='word_1_210' title='bbox 1992 3717 2143 3802; x_wconf 89' lang='lat' dir='ltr'><strong>Ipse</strong></span> <span class='ocrx_word' id='word_1_211' title='bbox 2190 3737 2451 3802; x_wconf 56' lang='lat' dir='ltr'><strong>quoque⁴</strong></span> <span class='ocrx_word' id='word_1_212' title='bbox 2478 3717 2751 3802; x_wconf 79' lang='lat' dir='ltr'><strong>Moyses„</strong></span> <span class='ocrx_word' id='word_1_213' title='bbox 2798 3717 2871 3780; x_wconf 84' lang='lat' dir='ltr'><strong>in</strong></span> <span class='ocrx_word' id='word_1_214' title='bbox 2912 3741 3055 3782; x_wconf 87' lang='lat' dir='ltr'><strong>con-</strong></span> 
     </span>
     <span class='ocr_line' id='line_1_29' title="bbox 983 3819 3057 3908; baseline -0.001 -22"><span class='ocrx_word' id='word_1_215' title='bbox 983 3819 1398 3908; x_wconf 86' lang='lat' dir='ltr'><strong>surgentibus</strong></span> <span class='ocrx_word' id='word_1_216' title='bbox 1445 3823 1670 3886; x_wconf 87' lang='lat' dir='ltr'><strong>contra</strong></span> <span class='ocrx_word' id='word_1_217' title='bbox 1711 3839 1860 3884; x_wconf 89' lang='lat' dir='ltr'><strong>eum</strong></span> <span class='ocrx_word' id='word_1_218' title='bbox 1921 3819 2145 3900; x_wconf 82' lang='lat' dir='ltr'><strong>Chore,</strong></span> <span class='ocrx_word' id='word_1_219' title='bbox 2214 3819 2501 3900; x_wconf 88' lang='lat' dir='ltr'><strong>Dathan‚</strong></span> <span class='ocrx_word' id='word_1_220' title='bbox 2550 3825 2617 3886; x_wconf 88' lang='lat' dir='ltr'><strong>et</strong></span> <span class='ocrx_word' id='word_1_221' title='bbox 2660 3819 2947 3906; x_wconf 85' lang='lat' dir='ltr'><strong>Abyron,</strong></span> <span class='ocrx_word' id='word_1_222' title='bbox 2992 3825 3057 3886; x_wconf 88' lang='lat' dir='ltr'><strong>et</strong></span> 
     </span>
     <span class='ocr_line' id='line_1_30' title="bbox 981 3921 3057 4008; baseline -0.001 -16"><span class='ocrx_word' id='word_1_223' title='bbox 981 3921 1548 3992; x_wconf 70' lang='lat' dir='ltr'><strong>committentibus</strong></span> <span class='ocrx_word' id='word_1_224' title='bbox 1593 3923 1662 3988; x_wconf 92' lang='lat' dir='ltr'><strong>in</strong></span> <span class='ocrx_word' id='word_1_225' title='bbox 1707 3921 1991 3988; x_wconf 87' lang='lat' dir='ltr'><strong>officium</strong></span> <span class='ocrx_word' id='word_1_226' title='bbox 2054 3923 2381 4008; x_wconf 79' lang='lat' dir='ltr'><strong>pastorale</strong></span> <span class='ocrx_word' id='word_1_227' title='bbox 2424 3923 2551 4008; x_wconf 90' lang='lat' dir='ltr'><strong>ipsi</strong></span> <span class='ocrx_word' id='word_1_228' title='bbox 2600 3921 2815 4008; x_wconf 83' lang='lat' dir='ltr'><strong>Moysi</strong></span> <span class='ocrx_word' id='word_1_229' title='bbox 2864 3925 3057 3990; x_wconf 88' lang='lat' dir='ltr'><strong>tradi-</strong></span> 
     </span>
    </p>

    <p class='ocr_par' dir='ltr' id='par_1_16' title="bbox 649 4023 3057 4320">
     <span class='ocr_line' id='line_1_31' title="bbox 649 4023 3057 4138; baseline -0.002 -46"><span class='ocrx_word' id='word_1_230' title='bbox 649 4023 800 4138; x_wconf 40' lang='lat' dir='ltr'><strong>{tum</strong></span> <span class='ocrx_word' id='word_1_231' title='bbox 819 4023 924 4076; x_wconf 81' lang='lat' dir='ltr'><strong>xvi.</strong></span> <span class='ocrx_word' id='word_1_232' title='bbox 981 4031 1146 4106; x_wconf 84' lang='lat' dir='ltr'><strong>tum,</strong></span> <span class='ocrx_word' id='word_1_233' title='bbox 1223 4023 1420 4092; x_wconf 69' lang='lat' dir='ltr'><strong>‘misit</strong></span> <span class='ocrx_word' id='word_1_234' title='bbox 1479 4031 1558 4092; x_wconf 73' lang='lat' dir='ltr'><strong>ut</strong></span> <span class='ocrx_word' id='word_1_235' title='bbox 1631 4031 1882 4092; x_wconf 62' lang='lat' dir='ltr'><strong>vocaret</strong></span> <span class='ocrx_word' id='word_1_236' title='bbox 1942 4023 2223 4090; x_wconf 76' lang='lat' dir='ltr'><strong>Dathcm</strong></span> <span class='ocrx_word' id='word_1_237' title='bbox 2280 4031 2341 4090; x_wconf 73' lang='lat' dir='ltr'><strong>et</strong></span> <span class='ocrx_word' id='word_1_238' title='bbox 2396 4023 2685 4110; x_wconf 72' lang='lat' dir='ltr'><strong>Abyro‘n</strong></span> <span class='ocrx_word' id='word_1_239' title='bbox 2704 4049 2733 4104; x_wconf 89' lang='lat'><em>;</em></span> <span class='ocrx_word' id='word_1_240' title='bbox 2792 4025 3057 4112; x_wconf 84' lang='lat' dir='ltr'><strong>ipsemet</strong></span> 
     </span>
     <span class='ocr_line' id='line_1_32' title="bbox 719 4125 3055 4214; baseline 0 -20"><span class='ocrx_word' id='word_1_241' title='bbox 719 4125 732 4138; x_wconf 84' lang='lat'>&#39;</span> <span class='ocrx_word' id='word_1_242' title='bbox 983 4127 1292 4194; x_wconf 78' lang='lat' dir='ltr'><strong>discrevit</strong></span> <span class='ocrx_word' id='word_1_243' title='bbox 1361 4127 1520 4214; x_wconf 84' lang='lat' dir='ltr'><strong>quid</strong></span> <span class='ocrx_word' id='word_1_244' title='bbox 1563 4127 1798 4194; x_wconf 83' lang='lat' dir='ltr'><strong>facturi</strong></span> <span class='ocrx_word' id='word_1_245' title='bbox 1859 4131 2077 4194; x_wconf 87' lang='lat' dir='ltr'><strong>essent</strong></span> <span class='ocrx_word' id='word_1_246' title='bbox 2124 4127 2199 4192; x_wconf 89' lang='lat' dir='ltr'><strong>in</strong></span> <span class='ocrx_word' id='word_1_247' title='bbox 2244 4125 2525 4194; x_wconf 86' lang='lat' dir='ltr'><strong>officium</strong></span> <span class='ocrx_word' id='word_1_248' title='bbox 2570 4127 2697 4194; x_wconf 88' lang='lat' dir='ltr'><strong>sibi</strong></span> <span class='ocrx_word' id='word_1_249' title='bbox 2748 4129 3055 4194; x_wconf 82' lang='lat' dir='ltr'><strong>creditum</strong></span> 
     </span>
     <span class='ocr_line' id='line_1_33' title="bbox 985 4229 3057 4320; baseline 0 -24"><span class='ocrx_word' id='word_1_250' title='bbox 985 4233 1448 4320; x_wconf 55' lang='lat' dir='ltr'><strong>delinquentes</strong></span> <span class='ocrx_word' id='word_1_251' title='bbox 1493 4235 1574 4296; x_wconf 84' lang='lat' dir='ltr'><strong>ut</strong></span> <span class='ocrx_word' id='word_1_252' title='bbox 1615 4235 1953 4318; x_wconf 83' lang='lat' dir='ltr'><strong>appareret</strong></span> <span class='ocrx_word' id='word_1_253' title='bbox 2014 4251 2175 4316; x_wconf 81' lang='lat' dir='ltr'><strong>quos</strong></span> <span class='ocrx_word' id='word_1_254' title='bbox 2242 4229 2567 4296; x_wconf 82' lang='lat' dir='ltr'><strong>Dominus</strong></span> <span class='ocrx_word' id='word_1_255' title='bbox 2628 4231 2701 4294; x_wconf 89' lang='lat' dir='ltr'><strong>in</strong></span> <span class='ocrx_word' id='word_1_256' title='bbox 2764 4231 2883 4296; x_wconf 87' lang='lat' dir='ltr'><strong>hoc</strong></span> <span class='ocrx_word' id='word_1_257' title='bbox 2924 4231 3057 4296; x_wconf 90' lang='lat' dir='ltr'><strong>offi-</strong></span> 
     </span>
    </p>

    <p class='ocr_par' dir='ltr' id='par_1_17' title="bbox 983 4331 3057 4420">
     <span class='ocr_line' id='line_1_34' title="bbox 983 4331 3057 4420; baseline -0.001 -22"><span class='ocrx_word' id='word_1_258' title='bbox 983 4333 1156 4398; x_wconf 90' lang='lat' dir='ltr'><strong>cium</strong></span> <span class='ocrx_word' id='word_1_259' title='bbox 1185 4335 1496 4420; x_wconf 77' lang='lat' dir='ltr'><strong>elegisset.</strong></span> <span class='ocrx_word' id='word_1_260' title='bbox 1587 4333 1766 4398; x_wconf 87' lang='lat' dir='ltr'><strong>Licet</strong></span> <span class='ocrx_word' id='word_1_261' title='bbox 1791 4335 1999 4420; x_wconf 83' lang='lat' dir='ltr'><strong>igitur</strong></span> <span class='ocrx_word' id='word_1_262' title='bbox 2028 4337 2105 4398; x_wconf 89' lang='lat' dir='ltr'><strong>ut</strong></span> <span class='ocrx_word' id='word_1_263' title='bbox 2148 4331 2445 4420; x_wconf 80' lang='lat' dir='ltr'><strong>praedixi,</strong></span> <span class='ocrx_word' id='word_1_264' title='bbox 2490 4331 2761 4398; x_wconf 88' lang='lat' dir='ltr'><strong>haberet</strong></span> <span class='ocrx_word' id='word_1_265' title='bbox 2806 4333 3057 4416; x_wconf 84' lang='lat' dir='ltr'><strong>Moyses</strong></span> 
     </span>
    </p>

    <p class='ocr_par' dir='ltr' id='par_1_18' title="bbox 989 4433 3059 4520">
     <span class='ocr_line' id='line_1_35' title="bbox 989 4433 3059 4520; baseline -0.002 -20"><span class='ocrx_word' id='word_1_266' title='bbox 989 4437 1108 4500; x_wconf 87' lang='lat' dir='ltr'><strong>sub</strong></span> <span class='ocrx_word' id='word_1_267' title='bbox 1153 4457 1220 4500; x_wconf 90' lang='lat' dir='ltr'><strong>se</strong></span> <span class='ocrx_word' id='word_1_268' title='bbox 1257 4435 1400 4520; x_wconf 86' lang='lat' dir='ltr'><strong>jam</strong></span> <span class='ocrx_word' id='word_1_269' title='bbox 1463 4435 1848 4500; x_wconf 85' lang='lat' dir='ltr'><strong>constitutos</strong></span> <span class='ocrx_word' id='word_1_270' title='bbox 1913 4433 2251 4500; x_wconf 82' lang='lat' dir='ltr'><strong>inferiores</strong></span> <span class='ocrx_word' id='word_1_271' title='bbox 2310 4433 2583 4520; x_wconf 86' lang='lat' dir='ltr'><strong>judices,</strong></span> <span class='ocrx_word' id='word_1_272' title='bbox 2646 4435 3059 4502; x_wconf 84' lang='lat' dir='ltr'><strong>nihilominus</strong></span> 
     </span>
    </p>

    <p class='ocr_par' dir='ltr' id='par_1_19' title="bbox 983 4535 3061 4624">
     <span class='ocr_line' id='line_1_36' title="bbox 983 4535 3061 4624; baseline 0.001 -22"><span class='ocrx_word' id='word_1_273' title='bbox 983 4541 1212 4602; x_wconf 88' lang='lat' dir='ltr'><strong>tamen</strong></span> <span class='ocrx_word' id='word_1_274' title='bbox 1257 4537 1704 4624; x_wconf 84' lang='lat' dir='ltr'><strong>delinquentes</strong></span> <span class='ocrx_word' id='word_1_275' title='bbox 1745 4537 1818 4602; x_wconf 89' lang='lat' dir='ltr'><strong>in</strong></span> <span class='ocrx_word' id='word_1_276' title='bbox 1859 4535 2299 4602; x_wconf 86' lang='lat' dir='ltr'><strong>ministerium</strong></span> <span class='ocrx_word' id='word_1_277' title='bbox 2366 4535 2687 4604; x_wconf 85' lang='lat' dir='ltr'><strong>creditum</strong></span> <span class='ocrx_word' id='word_1_278' title='bbox 2732 4537 2859 4602; x_wconf 86' lang='lat' dir='ltr'><strong>sibi</strong></span> <span class='ocrx_word' id='word_1_279' title='bbox 2900 4535 3061 4622; x_wconf 85' lang='lat' dir='ltr'><strong>ipse·</strong></span> 
     </span>
    </p>
   </div>
   <div class='ocr_carea' id='block_1_3' title="bbox 1115 4727 3051 4738">
    <p class='ocr_par' dir='ltr' id='par_1_20' title="bbox 1115 4727 3051 4738">
     <span class='ocr_line' id='line_1_37' title="bbox 1115 4727 3051 4738; baseline 0.003 -8"><span class='ocrx_word' id='word_1_280' title='bbox 1115 4727 2673 4736; x_wconf 48' lang='lat' dir='ltr'><strong>-.—-m—*-ffi——h*-———--*—-——-——h—-————*--—.</strong></span> <span class='ocrx_word' id='word_1_281' title='bbox 2700 4729 2767 4734; x_wconf 78' lang='lat'>.----</span> <span class='ocrx_word' id='word_1_282' title='bbox 2780 4727 2949 4736; x_wconf 43' lang='grc' dir='ltr'><strong>’,η-μιῇ</strong></span> <span class='ocrx_word' id='word_1_283' title='bbox 2966 4731 2977 4736; x_wconf 73' lang='grc'>,</span> <span class='ocrx_word' id='word_1_284' title='bbox 2998 4735 3003 4738; x_wconf 93' lang='grc'><strong>,</strong></span> <span class='ocrx_word' id='word_1_285' title='bbox 3016 4727 3051 4736; x_wconf 58' lang='lat' dir='ltr'><strong>‚a</strong></span> 
     </span>
    </p>
   </div>
   <div class='ocr_carea' id='block_1_4' title="bbox 1049 4835 3059 4912">
    <p class='ocr_par' dir='ltr' id='par_1_21' title="bbox 1049 4835 3059 4912">
     <span class='ocr_line' id='line_1_38' title="bbox 1049 4835 3059 4912; baseline -0.004 -16"><span class='ocrx_word' id='word_1_286' title='bbox 1049 4845 1064 4872; x_wconf 77' lang='lat'>¹</span> <span class='ocrx_word' id='word_1_287' title='bbox 1091 4843 1190 4896; x_wconf 79' lang='lat' dir='ltr'><strong>Ox.</strong></span> <span class='ocrx_word' id='word_1_288' title='bbox 1213 4847 1406 4908; x_wconf 66' lang='lat' dir='ltr'><strong>nepeats</strong></span> <span class='ocrx_word' id='word_1_289' title='bbox 1427 4849 1592 4890; x_wconf 78' lang='lat' dir='ltr'><strong>morte.</strong></span> <span class='ocrx_word' id='word_1_290' title='bbox 1793 4903 1800 4912; x_wconf 35' lang='grc'>,</span> <span class='ocrx_word' id='word_1_291' title='bbox 2026 4839 2037 4902; x_wconf 84' lang='grc' dir='ltr'>Ι</span> <span class='ocrx_word' id='word_1_292' title='bbox 2130 4841 2147 4870; x_wconf 82' lang='lat'><em>²</em></span> <span class='ocrx_word' id='word_1_293' title='bbox 2182 4841 2497 4908; x_wconf 58' lang='lat' dir='ltr'><strong>discerneret]</strong></span> <span class='ocrx_word' id='word_1_294' title='bbox 2514 4841 2865 4902; x_wconf 75' lang='lat' dir='ltr'><strong>discernerent,</strong></span> <span class='ocrx_word' id='word_1_295' title='bbox 2880 4835 3059 4892; x_wconf 81' lang='lat' dir='ltr'><strong>0.0.C.</strong></span> 
     </span>
    </p>
   </div>
  </div>
 </body>
</html>
