3875 5734
1635 787 1993 844 EPISTOLAE.
2724 777 2851 844 219

775 969 978 1050 exilia,
1023 969 1302 1050 vincula,
1349 973 1416 1036 et
1481 993 1772 1048 carceres
1839 973 1906 1036 et
1972 969 2171 1036 etiam
2232 969 2651 1056 quantumvis
2716 991 2859 1056 pro-

775 1073 994 1142 brosas
1037 1077 1108 1140 et
1151 1073 1412 1140 acerbas
1457 1081 1712 1158 morteS,
1763 1095 1963 1160 quam
2022 1075 2253 1140 matris
2314 1097 2445 1142 suae
2488 1071 2857 1142 libertatem

775 1185 908 1248 tam
997 1179 1340 1246 inhoneste
1427 1179 1682 1246 violent
1771 1183 1890 1244 aut
1980 1185 2119 1246 tam
2212 1179 2535 1246 enerviter
2622 1177 2859 1266 violari

775 1283 1214 1374 permittant?
1305 1281 1436 1350 Sed
1511 1277 1674 1372 quid
1749 1283 1910 1366 dico,
1986 1305 2075 1350 ne
2148 1283 2383 1350 violari
2456 1283 2859 1372 permittant,

775 1411 932 1470 cum,
967 1389 1138 1476 quod
1187 1387 1434 1454 dictum
1477 1389 1658 1454 nefas
1707 1393 1822 1470 est,
1853 1389 1983 1476 ipsi
2028 1387 2311 1476 episcopi
2354 1389 2439 1454 ad
2482 1389 2861 1454 mandatum

773 1493 1020 1582 regium
1095 1493 1338 1558 clerum
1411 1491 1540 1560 sibi
1615 1493 1983 1582 subjectum
2058 1493 2145 1560 ad
2214 1493 2379 1560 hanc
2444 1491 2861 1558 violationem

773 1599 998 1664 matris
1073 1597 1358 1666 0001031110
1427 1605 1494 1664 et
1559 1621 1808 1686 sponsae
1883 1599 1932 1666 J
1937 1621 2049 1664 esu
2120 1597 2369 1668 Christi
2430 1599 2865 1664 irreverenter

777 1709 842 1770 et
887 1703 1288 1768 truculenter
1333 1705 1746 1790 compellant,
1791 1703 2079 1790 factique
2144 1707 2301 1770 sunt
2360 1703 2865 1792 impugnatoreS‚

775 1807 956 1894 cujus
999 1807 1350 1872 constituti
1407 1811 1568 1874 sunt
1613 1809 2035 1874 defensores?
2124 1807 2193 1872 N
2198 1831 2265 1874 00
2314 1809 2525 1874 solum
2568 1809 2871 1874 videntes

773 1911 998 1998 lupum
1067 1911 1446 1976 venientem
1519 1911 1804 2000 fugiunt,
1869 1911 1985 1978 sed
2046 1911 2255 2000 magis
2334 1935 2479 1978 cum
2556 1911 2713 2000 lupo
2786 1913 2869 1978 ad

773 2017 1148 2082 occidendas
1225 2037 1380 2082 oves
1451 2015 1824 2082 decurrunt.
1915 2017 2059 2082 Neo
2126 2019 2337 2084 solum
2406 2039 2589 2084 sacra
2632 2017 2871 2106 pagina

773 2127 840 2186 et
897 2121 1054 2186 ordo
1107 2121 1404 2200 rationis,
1451 2121 1564 2186 sed
1609 2121 1814 2186 etiam
1857 2121 2189 2188 canonicae
2232 2123 2601 2190 sanctiones
2646 2123 2871 2208 hujus-

773 2225 950 2290 modi
1011 2223 1442 2290 violationem
1511 2227 1965 2292 ecclesiasticae
2030 2225 2361 2292 libertatis
2436 2247 2573 2292 non
2630 2227 2875 2292 medio-

771 2331 966 2396 criter
1009 2329 1446 2396 detestantur.
1541 2331 1892 2398 Canonicis
1940 2353 2229 2418 namque
2280 2331 2729 2398 sanctionibus
2772 2331 2873 2398 in-

773 2433 1172 2500 violabiliter
1235 2437 1572 2500 statutum
1633 2439 1754 2516 est,
1811 2439 1890 2502 ut
1954 2457 2147 2502 nemo
2210 2457 2503 2522 unquam
2552 2437 2877 2524 episcopos

775 2543 892 2604 aut
951 2539 1212 2604 clericos
1273 2539 1454 2626 apud
1497 2541 1856 2606 secularem
1893 2539 2193 2626 judicem
2244 2559 2563 2620 accusare,
2622 2541 2731 2606 vel
2794 2541 2877 2606 ad

773 2643 1050 2708 seculare
1129 2643 1460 2730 judicium
1551 2645 1882 2710 attrahere
1976 2647 2369 2730 praesumat3
2440 2667 2589 2710 cum
2676 2643 2749 2708 hi
2836 2667 2877 2710 a

773 2747 1028 2812 nemine
1085 2749 1346 2836 possint
1413 2745 1700 2832 judicari
1775 2747 1892 2834 qui
1954 2749 2041 2812 ad
2104 2747 2231 2812 Dei
2294 2747 2493 2814 solius
2550 2747 2875 2834 judicium

773 2855 1200 2918 reservantur.
1295 2851 1386 2918 Et
1433 2851 1592 2938 quid
1637 2853 1880 2918 mirum
1925 2853 1985 2918 si
2030 2851 2229 2918 solius
2276 2851 2409 2916 Dei
2458 2859 2877 2918 reserventur

767 2955 1028 3042 judicio,
1085 2955 1202 3042 qui
1267 2955 1344 3020 in
1411 2961 1638 3022 saneta
1709 2957 2055 3044 Scriptura
2122 2955 2235 3024 dii
2304 2961 2373 3022 et
2436 2955 2667 3042 01190Ζῶ
2716 2957 2875 3024 dicti
2898 2973 3205 3028 Palmam.

775 3065 970 3126 sunt?
1033 3061 1214 3126 Laici
1257 3081 1416 3126 vero
1483 3059 1558 3126 in
1611 3061 1838 3126 eadem
1883 3063 2271 3150 plerumque
2308 3061 2643 3148 jumentis
2706 3083 2875 3128 com-

773 3169 1098 3252 parantur.
1191 3163 1482 3252 Ideoque
1549 3163 1918 3232 honorandi
1988 3169 2149 3230 sunt
2210 3187 2253 3228 a
2314 3165 2513 3246 laiciS,
2562 3169 2631 3232 et
2676 3167 2877 3232 etia-m

775 3291 816 3332 a
899 3267 1160 3354 regibus
1249 3291 1388 3332 non
1469 3269 1834 3354 judicandi.
1931 3269 2097 3352 Quis
2190 3269 2365 3334 enim
2454 3269 2563 3336 vel
2650 3271 2879 3336 audiat

773 3373 1094 3456 patienter
1155 3371 1334 3438 Deos
1397 3377 1466 3438 et
1521 3365 1786 3460 angelos
1831 3395 1872 3438 a
1927 3373 2253 3460 jumentis
2298 3373 2625 3460 judicari?
2714 3375 2877 3438 Ideo

773 3497 906 3540 non
949 3475 1280 3540 immerito
1327 3479 1394 3540 et
1439 3475 1512 3540 111
1559 3477 1870 3542 decretali
1919 3477 2199 3566 epistola
2244 3483 2535 3556 cavetur,
2584 3481 2681 3558 ut,
2728 3499 2875 3540 011111

775 3579 1124 3644 secundum
1171 3601 1454 3644 canones
1497 3579 1894 3666 generaliter
1942 3581 2023 3648 cle
2070 3579 2243 3646 omni
2298 3581 2565 3646 crimine
2610 3579 2877 3646 clericus

775 3681 1006 3750 debeat
1081 3705 1302 3748 coram
1375 3681 1808 3750 ecclesiastico
1871 3683 2097 3770 judice
2190 3683 2547 3762 conveniri,
2610 3681 2683 3748 in
2754 3681 2875 3748 hac

775 3791 958 3870 parte
1025 3787 1384 3852 canonibus
1445 3809 1532 3852 ex
1589 3789 1816 3876 aliqua
1875 3789 2349 3854 consuetudine
2420 3785 2873 3874 praejudicium
2924 3839 2927 3842 .

775 3909 908 3954 non
971 3895 1338 3978 generetur.
1431 3891 1524 3954 Et
1589 3893 1762 3956 sicut
1829 3891 1900 3956 in
1966 3891 2097 3956 alia
2172 3891 2481 3956 decretali
2558 3891 2873 3974 scriptum

777 3999 908 4058 est:
963 4001 994 4028 ‘⁶
1015 3993 1250 4060 Clerici
1319 4015 1454 4058 11011
1507 3993 1720 4060 solum
1795 3993 2013 4072 inviti,
2064 3993 2181 4058 sed
2244 3993 2445 4056 etiam
2512 3991 2875 4056 voluntarii

781 4103 814 4128 “
857 4097 1094 4182 pacisci
1157 4119 1298 4162 non
1363 4101 1656 4182 possunt,
1727 4101 1806 4162 ut
1871 4095 2191 4162 secularia
2256 4095 2539 4160 subeant
2612 4095 2873 4182 judicia,

779 4203 814 4232 “
857 4223 1004 4266 oum
1049 4221 1184 4266 non
1229 4201 1320 4266 sit
1349 4199 1472 4266 hoc
1515 4201 1906 4266 beneficium
1950 4197 2307 4286 personale,
2352 4197 2457 4264 0111
2500 4199 2877 4264 renunciari

781 4307 814 4336 ‘⁶
857 4305 1094 4384 valeat,
1145 4305 1260 4370 sed
1323 4303 1550 4392 potius
1593 4305 1726 4372 toti
1787 4303 2061 4392 collegio
2128 4301 2559 4368 ecclesiastico
2618 4303 2877 4390 publice

781 4413 812 4440 ·‘
857 4409 944 4472 sit
1003 4409 1362 4490 indultum,
1435 4407 1542 4472 oui
1601 4409 2019 4496 privatorum
2078 4407 2297 4494 pactio
2362 4407 2675 4494 derogare
2738 4431 2877 4474 non

779 4515 814 4544 “
855 4511 1128 4598 11011031.υ
1219 4511 1310 4576 In
1353 4509 1484 4576 alia
1547 4533 1808 4598 quoque
1869 4509 2183 4576 decretali
2226 4509 2319 4574 sic
2362 4509 2681 4598 scriptum
2724 4517 2867 4578 est:

779 4619 812 4646 “
857 4615 1028 4680 Sane
1095 4615 1274 4704 quod
1337 4615 1602 4702 quidam
1667 4613 1820 4680 laici
1889 4613 2351 4680 ecclesiasticas
2426 4637 2733 4702 personas
2806 4619 2877 4680 et

779 4723 812 4748 “
857 4719 1056 4784 etiam
1137 4721 1316 4806 ipsos
1405 4719 1738 4806 episcopos
1821 4717 2073 4803 judicio
2146 4739 2263 4784 suo
2360 4725 2539 4786 stare
2598 4719 2875 4806 compel-

779 4825 814 4852 “
857 4821 1022 4902 lunt,
1085 4845 1194 4890 eos
1237 4823 1354 4912 qui
1401 4821 1484 4890 de
1543 4827 1780 4890 caetero
1823 4819 1898 4888 id
1960 4829 2539 4914 praesumpserunt,
2598 4847 2643 4890 a
2700 4843 2869 4890 com-
