3875 5734
873 1307 1014 1370 1245.

791 1913 902 1966 The
923 1915 1054 1982 king

791 1983 882 2034 has
903 1999 1016 2048 pro-

789 2049 962 2112 mised,

789 2117 938 2168 while
945 2117 1107 2166 main-

787 2185 984 2250 taining
1001 2185 1088 2234 his

791 2267 960 2302 erown
979 2255 1082 2304 and

793 2319 1050 2384 kingship,

791 2395 844 2436 to
865 2387 1000 2436 shew
1017 2387 1088 2436 all

791 2455 1022 2504 devotion
1045 2461 1100 2506 to

791 2523 878 2574 the
897 2523 1052 2586 Pope.

1117 795 1246 856 338
1755 801 2051 850 ROBERTI
2098 799 2559 850 GROSSETESTE

2034 1133 2313 1202 CXVII.

1119 1301 1566 1370 Sanctissimo
1609 1303 1696 1370 ’ὶη
1755 1305 2019 1374 Christo
2068 1305 2265 1396 patri
2330 1311 2393 1372 et
2452 1303 2733 1372 domino
2792 1305 2843 1372 I
2838 1305 3213 1388 nnooentiO,

1297 1407 1430 1476 Dei
1485 1409 1718 1494 qratia
1775 1431 2041 1476 summo
2098 1407 2445 1496 Pontifici,
2510 1407 2787 1476 devotus
2850 1431 3017 1476 suus
3078 1411 3207 1476 Ro-

1301 1511 1538 1594 bertzw,
1595 1511 2029 1580 miseratione
2088 1513 2339 1578 divina
2364 1511 2879 1578 Lincolmlensis
2940 1513 3211 1580 ecelesia)

1299 1617 1622 1682 minister
1679 1617 1987 1698 humilia
2022 1617 2367 1684 beatorum
2418 1615 2687 1702 pedum
2744 1617 2969 1684 oscula
3028 1617 3207 1684 devo—

1295 1719 1580 1786 tissima.

1215 1889 1324 1954 Me
1397 1911 1658 1956 reverso
1727 1889 1804 1954 in
1877 1889 2211 1976 Angliam,
2290 1897 2673 1956 oecurrente
2748 1891 3009 1958 domino
3074 1891 3209 1978 regi

1125 1993 1488 2060 revertenti
1531 2017 1572 2058 a
1615 1993 1914 2080 partibus
1958 1993 2231 2074 Walljae,
2278 1993 2639 2080 habitoque
2704 2017 2851 2060 eum
2898 2017 2975 2060 eo
3018 2015 3213 2058 seere-

1127 2097 1262 2162 tius
1307 2097 1640 2182 colloquio,
1689 2099 1836 2162 eu'm
1879 2097 2055 2162 inter
2100 2103 2335 2164 eaetera
2404 2097 2715 2164 dixissem
2790 2099 2851 2164 ei
2920 2121 3035 2184 pro
3078 2121 3213 2162 mo·

1127 2199 1284 2266 dulc·
1327 2221 1470 2266 meo
1513 2199 1734 2286 aliqua
1783 2199 1989 2266 verba
2052 2201 2343 2266 suasoria
2406 2201 2487 2266 de
2560 2199 2949 2280 obedientia,
3008 2199 3207 2266 fideli-

1121 2307 1282 2382 tate,
1329 2307 1396 2370 et
1443 2303 1790 2370 devotione
1835 2309 2075 2370 vestrae
2118 2305 2463 2370 sanctitati
2504 2309 2575 2370 et
2618 2311 2859 2370 sanetae
2906 2305 3209 2370 Romanae

1123 2405 1426 2472 Ecclesiae
1471 2407 1856 2474 exhibendis
1901 2411 1971 2472 et
2030 2409 2469 2486 observandis
2530 2413 2597 2474 et
2666 2409 2747 2472 de
2812 2409 3087 2472 firmiter
3146 2413 3213 2472 et

1121 2515 1498 2576 constanter
1559 2511 1957 2576 adhaerendo
1998 2509 2079 2592 ei,
2124 2517 2193 2578 et
2238 2513 2525 2576 maxime
2572 2533 2765 2590 nune,
2832 2511 3211 2586 conantibus

1123 2613 1534 2700 quibusdam,
1583 2615 1698 2680 sed
1729 2617 2019 2700 juvante
2070 2613 2359 2680 Domino
2426 2613 2691 2694 frustra,
2736 2613 2809 2678 in
2848 2613 3211 2700 tranquilli·-

1123 2717 1288 2784 tatis
1333 2717 1538 2804 ipsius
1581 2717 2149 2806 perturbationem
2194 2717 2447 2804 aliquid
2488 2717 2747 2798 moliri3
2808 2715 2947 2804 ipse
2988 2715 3208 2802 hujus-

1121 2821 1298 2886 modi
1343 2843 1722 2908 responsum
1751 2821 1938 2886 dedit
1964 2821 2147 2898 mihi,
2182 2823 2447 2888 dicens:
2502 2819 2837 2886 “Domine
2884 2819 3207 2906 Episcope,

1121 2933 1160 2960 “
1205 2947 1350 3012 quae
1371 2923 1392 2962 ¹
1439 2925 1774 3012 pertinent
1819 2925 1906 2990 ad
1954 2947 2253 2992 eoronam
2316 2931 2385 2990 et
2446 2925 2861 3012 regalitatem
2906 2929 3205 3002 nostram,

1123 3035 1160 3066 “
1205 3029 1626 3108 intendimus,
1675 3029 1844 3096 sieut
1889 3033 1959 3094 et
2004 3029 2333 3112 debemus,
2386 3051 2773 3096 conservare
2830 3029 3075 3108 illaesa3
3144 3031 3209 3092 et

1123 3139 1162 3168 “
1205 3133 1648 3198 desideramus
1721 3133 1898 3220 quod
1976 3132 2281 3198 dominus
2358 3131 2543 3220 Papa
2616 3137 2689 3198 et
2754 3131 3015 3198 ecelesia
3078 3131 3209 3198 sint

1119 3241 1160 3270 “
1203 3237 1392 3302 nobis
1451 3235 1526 3300 in
1597 3237 1722 3302 hae
1787 3239 1977 3324 parte
2048 3237 2121 3300 in
2190 3237 2643 3322 adjutorium3
2718 3241 2787 3300 et
2856 3257 2975 3322 pro
3038 3239 3207 3302 certo

1119 3345 1158 3374 “
1203 3339 1498 3406 habeatis
1545 3339 1720 3426 quod
1765 3339 2031 3404 omnino
2076 3345 2147 3406 et
2192 3363 2449 3428 semper
2494 3339 2949 3420 obedientiam,
3012 3339 3213 3404 fideli-

1121 3449 1158 3476 “
1201 3447 1428 3524 tatem,
1477 3447 1546 3508 et
1591 3443 2011 3510 devotionem
2070 3443 2335 3510 domino
2400 3443 2613 3530 Papae,
2682 3449 2997 3530 tanquam
3040 3443 3207 3532 patri

1121 3553 1158 3580 “
1201 3551 1426 3612 nostro
1493 3545 1792 3634 spiritali,
1859 3551 1928 3612 et
1994 3553 2235 3612 sanetae
2304 3549 2469 3612 Rom
2478 3569 2625 3614 anae
2710 3547 3005 3630 eeclesiae,
3066 3551 3225 3614 tan-.

1121 3657 1160 3684 “
1205 3673 1400 3738 quam
1443 3651 1658 3730 matri,
1705 3651 2159 3716 exhibebimus
2202 3657 2271 3716 et
2316 3651 2821 3732 observabimus
2870 3657 2937 3718 et
2978 3651 3051 3716 in
3078 3651 3205 3720 suis

1123 3761 1160 3788 “
1203 3759 1342 3818 tam
1385 3753 1706 3840 prosperis
1751 3777 1953 3840 quam
1996 3753 2289 3820 adversis
2350 3755 2649 3836 firmiter,
2712 3759 3093 3834 constanter,
3142 3759 3205 3822 et

1121 3867 1160 3894 “
1203 3859 1492 3924 fideliter
1537 3857 1632 3924 eis
1677 3857 2173 3938 adhaerebimus,
2206 3863 2275 3924 et
2320 3857 2427 3924 die
2480 3881 2611 3944 quo
2652 3857 2789 3924 haee
2846 3881 2979 3924 non
3020 3859 3201 3926 faeia-

1123 3969 1160 3998 “
1205 3987 1366 4044 111113,
1445 3963 1678 4028 damus
1745 3963 2007 4028 oculum
2076 3963 2161 4026 ad
2224 3961 2607 4044 eruendum,
2672 3963 2801 4028 imo
2864 3969 3057 4050 eaput
3120 3963 3199 4030 ad

1121 4075 1156 4104 “
1203 4065 1718 4154 amputandum3
1791 4065 1965 4132 absit
2026 4065 2201 4132 enim
2266 4067 2441 4152 quod
2508 4067 2619 4134 vel
2684 4067 2829 4132 vita
2870 4069 2975 4134 vel
3034 4089 3199 4134 mors

1121 4177 1160 4208 “
1205 4171 1312 4236 vel
1373 4169 1618 4256 aliquid
1689 4169 1864 4256 quod
1929 4171 2215 4236 accidere
2278 4169 2505 4256 possit,
2568 4191 2691 4236 nos
2758 4193 2797 4236 a
2858 4172 3195 4238 devotione

1121 4283 1158 4310 “
1205 4273 1594 4360 spiritalium
1639 4273 1848 4362 patris
1893 4277 1963 4338 et
2022 4273 2255 4340 matris
2316 4279 2661 4360 separaret.
2748 4273 2991 4340 Praeter
3032 4297 3193 4338 com-

1121 4383 1158 4414 “
1203 4397 1428 4442 munes
1499 4397 1784 4462 namque
1859 4377 2147 4442 rationes
2220 4377 2457 4464 quibus
2556 4399 2777 4442 omnes
2850 4377 3197 4442 Christiani

1911 4731 1928 4760 ¹
1960 4729 2091 4796 quoe]
2132 4743 2247 4796 qu0,
2268 4727 2445 4784 C.C.O.
