3875 5734
1111 771 1232 846 172
1731 791 2015 842 Rossfflm
2064 791 2505 842 GROSSETESTE

1105 999 1248 1042 rum
1319 979 1388 1042 et
1457 975 1750 1062 gravium
1823 979 1906 1042 ad
1980 999 2093 1042 nos
2180 997 2313 1042 esse
2400 975 2697 1056 delatum,
2772 969 2939 1060 quod
3004 1001 3107 1044 vos

1107 1079 1342 1148 fecistis
1403 1107 1442 1148 a
1501 1081 1670 1148 dicto
1731 1083 1810 1150 N.
1859 1083 2183 1170 capellano
2228 1083 2445 1148 vestro
2496 1081 2565 1146 in
2610 1081 2755 1146 aula
2798 1085 2999 1146 vestra
3038 1083 3107 1148 de

1109 1185 1388 1254 Graham
1429 1187 1688 1254 missam
1731 1189 2047 1268 celebrari,
2096 1187 2265 1276 quod
2324 1187 2531 1276 ipsum
2592 1209 2707 1254 vos
2766 1187 2953 1254 etiam
3004 1213 3107 1276 per

1105 1293 1412 1382 scriptum
1453 1299 1738 1360 vestrum
1791 1295 2151 1374 conceditiS,
2200 1293 2505 1358 addentes
2550 1317 2665 1382 pro
2708 1293 2949 1360 ratione
3000 1293 3107 1362 1100

1103 1401 1344 1466 factum
1389 1423 1520 1466 esse
1565 1401 1840 1488 corporis
1883 1401 2085 1466 vestri
2142 1399 2521 1466 infirmitate
2574 1403 2853 1488 cogente.
2960 1399 3107 1466 Cum

1101 1505 1302 1594 igitur
1363 1507 1514 1572 aula
1553 1511 1772 1572 vestra
1821 1527 1953 1572 non
1998 1507 2085 1572 sit
2142 1507 2319 1572 locus
2382 1503 2521 1572 Deo
2570 1505 2831 1588 dicatus,
2876 1505 2979 1572 sed
3036 1507 3111 1572 sit

1103 1613 1456 1678 communis
1513 1609 1832 1678 habitat-io
1885 1611 2237 1690 hominum,
2296 1611 2761 1698 receptaculum
2808 1611 3111 1678 comeden-

1103 1719 1270 1784 tium
1313 1723 1382 1784 et
1423 1717 1802 1800 bibentium,
1851 1715 2097 1798 frivola,
2144 1717 2447 1796 scurrilia,
2494 1723 2561 1782 et
2606 1717 2769 1784 forte
2812 1717 3117 1784 multoties

1101 1823 1434 1890 immunda
1493 1821 1993 1908 colloquentium
2056 1827 2123 1890 et
2188 1823 2475 1890 fortassis
2544 1821 2881 1910 aliquando
2940 1823 3117 1890 etiam

1103 1929 1436 1996 immunda
1521 1929 1910 2008 facientium,
1992 1929 2255 1994 canibus
2330 1929 2525 1994 etiam
2614 1929 2845 2016 ubique
2916 1927 2983 1994 in
3048 1951 3117 1996 00

1103 2033 1610 2100 discurrentibus
1669 2039 1736 2100 et
1781 2033 2191 2112 cubantibus,
2250 2033 2595 2120 sordesque
2640 2033 3007 2122 plerumque
3042 2055 3137 2100 re-

1101 2139 1592 2226 linquentibus;
1667 2161 1864 2226 quam
1923 2139 2391 2206 inconveniens
2454 2139 2541 2206 sit
2604 2139 2853 2228 Corpus
2900 2139 3161 2206 Domini

1103 2247 1316 2310 nostri
1375 2243 1416 2310 J
1427 2267 1542 2310 esu
1617 2243 1888 2326 Christi,
1962 2243 2091 2310 filii
2148 2245 2283 2310 Dei
2328 2241 2497 2324 vivi,
2556 2245 2735 2332 quod
2792 2251 3179 2334 assumptum

1103 2355 1204 2416 est
1277 2349 1358 2416 de
1419 2349 1860 2416 mundissima
1913 2349 2217 2438 Virgine,
2270 2371 2541 2438 passum
2598 2351 2677 2416 in
2726 2373 2929 2430 cruce,
2984 2351 3057 2416 in
3104 2373 3197 2418 re-

1105 2455 1512 2522 surrectione
1603 2453 2051 2544 glorificatum
2144 2461 2215 2522 et
2308 2477 2511 2544 supra
2602 2457 2795 2522 000100
2886 2457 3217 2538 elevatum,

1105 2561 1358 2628 ibidem
1409 2561 1726 2628 conficere
1791 2567 1860 2628 et
1923 2565 2355 2642 contrecta-re,
2406 2559 2745 2628 neminem
2794 2561 3225 2630 Christianum

1109 2667 1310 2734 debet
1387 2667 1638 2748 latere3
1729 2667 2103 2754 praesertim
2184 2691 2333 2732 cum
2396 2667 2559 2732 novi
2640 2672 2705 2733 et
2784 2667 3021 2734 veteris
3092 2667 3229 2732 Tes-

1113 2771 1404 2838 tamenti
1449 2775 1784 2860 praecepta
1829 2777 1902 2838 et
1950 2771 2289 2838 canonicae
2336 2773 2711 2838 sanctiones
2758 2771 3227 2838 evidentissime

1109 2877 1532 2964 prohibeant,
1611 2899 1694 2942 ne
1775 2877 1936 2944 alibi
2016 2877 2433 2944 celebrentur
2502 2877 2853 2944 missarum
2930 2877 3219 2958 solennia,

1109 3005 1310 3070 quam
1387 2983 1460 3048 in
1527 2981 1688 3048 locis
1751 2983 1894 3050 Deo
1972 2985 2211 3050 dicatis
2286 2987 2357 3048 et
2430 2983 2721 3066 00010110,
2792 2981 2923 3048 nisi
2986 3005 3223 3048 summa

1123 3087 1414 3174 coegerit
1487 3087 1862 3154 necessitas,
1980 3087 2261 3154 Vosmet
2338 3089 2549 3176 igitur
2612 3087 2923 3174 judicetis
2996 3111 3079 3154 an
3148 3087 3219 3156 ad

1133 3199 1440 3258 nostrum
1549 3193 1884 3282 pertineat
1976 3193 2263 3258 officium
2368 3193 2783 3280 judicialiter
2872 3213 3223 3282 cognoscere

1135 3303 1364 3364 utrum
1443 3297 1826 3386 hujusmodi
1903 3299 2041 3366 sint
2130 3297 2323 3378 facta,
2418 3303 2487 3366 et
2578 3299 2637 3366 si
2722 3297 2895 3366 facta
2978 3299 3223 3380 fuerint,

1135 3403 1378 3490 quibus
1451 3405 1834 3470 auctoribus
1897 3405 2269 3492 quibusque
2346 3405 2671 3474 ministris
2734 3405 2911 3474 facta
2966 3405 3111 3486 sint,
3166 3411 3225 3472 et

1133 3513 1360 3574 utrum
1407 3531 1526 3598 per
1569 3507 1862 3596 aliquam
1921 3511 2385 3578 necessitatem
2444 3511 2907 3578 rationabilem
2962 3511 3227 3578 habeant

1139 3615 1676 3698 excusationem3
1769 3615 1947 3702 quod
2036 3637 2185 3682 cum
2262 3617 2433 3684 bene
2508 3615 3039 3702 dijudicaveritiS,
3110 3639 3227 3684 cre·

1137 3723 1352 3788 dimus
1433 3721 1612 3810 quod
1689 3719 2075 3788 citationem
2150 3745 2267 3812 per
2344 3743 2463 3788 nos
2538 3721 2781 3788 factam
2868 3721 3225 3808 injuriosam

791 3839 906 3894 'rhe
929 3843 1082 3912 chap-
1135 3851 1274 3894 non
1349 3827 1772 3916 reputabitis,
1921 3827 2239 3894 Sacerdos
2318 3851 2577 3918 quoque
2654 3833 2869 3896 vester
2942 3849 3071 3896 non
3138 3829 3227 3894 in-

789 3909 894 3960 lain
919 3913 1010 3966 has

791 3981 920 4032 been
941 3999 1052 4034 sus-

1127 3933 1382 4020 juriose
1429 3933 1574 3998 sine
1643 3933 1898 4022 praevia
1968 3933 2481 4000 commonitione
2548 3957 2895 4022 suspensus
2956 3939 3067 4014 est,
3126 3933 3225 4000 sed

793 4051 986 4112 pended
1009 4053 1088 4102 for
1139 4041 1222 4104 ob
1301 4039 1816 4128 multiplicatam
1909 4041 2393 4104 contumaciam
2484 4063 2691 4120 suam,
2776 4039 3001 4106 ordine
3074 4039 3231 4126 juris

791 4121 1024 4182 repeated

791 4193 1106 4258 contumacy.

1137 4145 1486 4212 observato
1549 4143 1934 4230 justissime.
2060 4143 2199 4210 Vos
2262 4143 2475 4232 igitur
2538 4143 2709 4210 sicut
2782 4143 2957 4210 filius
3028 4143 3229 4212 obedi-

1133 4251 1354 4332 entiae,
1433 4273 1628 4338 quem
1695 4271 1814 4318 vos
1881 4271 2019 4314 esse
2084 4249 2489 4336 profitemini
2552 4255 2619 4314 et
2686 4273 2877 4338 quem
2940 4271 3051 4314 vos
3120 4269 3227 4314 nos

1133 4375 1272 4418 esse
1353 4351 1700 4434 credimuS,
1785 4349 1928 4438 juri
2004 4371 2231 4436 parere
2310 4371 2445 4416 non
2520 4349 2971 4430 contemnatis,
3056 4349 3229 4414 111110-

1133 4457 1424 4524 centiam
1499 4461 1796 4522 vestram
1871 4455 2223 4536 ostensuri,
2304 4459 2423 4520 aut
2496 4457 2823 4520 maculam
2896 4453 3111 4518 delicti
3174 4451 3225 4518 si

1133 4561 1354 4648 aliqua
1425 4559 1626 4626 fuerit
1697 4559 2101 4638 mundatur-i,
2172 4581 2213 4624 a
2268 4557 2411 4626 Deo
2456 4559 2741 4646 gratiam
2790 4563 2855 4624 et
2898 4559 2981 4624 ab
3032 4557 3225 4622 1101111-

1129 4667 1328 4736 nibus
1407 4665 1672 4736 laudem
1749 4665 1834 4734 ob
1903 4665 2031 4734 hoc
2104 4665 2551 4758 1·ep01·tatu1·i;
2628 4687 2775 4732 cum
2850 4661 3045 4734 etiam
3114 4659 3227 4728 filii
