3875 5734
1103 805 1228 868 114
1739 805 2029 856 ROBERTI
2074 803 2535 856 Gnossnrnsrn

2020 1129 2271 1198 XXIX.

853 1311 994 1358 1236·
1099 1303 1664 1374 Excellentissimo
1693 1305 1973 1374 domino
2010 1329 2127 1374 suo
2160 1305 2457 1374 Hem-ico
2486 1305 2619 1374 Dm:
2646 1305 2875 1394 mutia
2916 1305 3169 1374 illustri

1275 1411 1420 1500 weyt
1461 1411 1752 1500 Amatne,
1787 1411 2063 1480 domino
2100 1413 2467 1492 Hiberniae,
2516 1413 2679 1480 duci
2710 1411 2787 1480 N
2780 1413 3165 1494 ormaomioa

1275 1515 1694 1604 Aquitanica
1725 1523 1786 1584 et
1829 1515 2061 1584 comit-2:
2102 1515 2535 1606 Andegyavioe,
2580 1515 2903 1584 Robertue
2930 1515 3171 1584 divina

1265 1621 1708 1712 permissione
1775 1621 2283 1690 Lincoloziensis
2344 1621 2619 1692 ccclesia}
2682 1623 2997 1692 oninistcr
3052 1623 3165 1690 hu-

1277 1727 1484 1812 milia,
1533 1727 1832 1808 salutem,
1901 1735 1961 1794 et
2030 1735 2173 1796 tam
2238 1727 2533 1796 debitam
2600 1751 2811 1818 quam
2874 1729 3167 1800 devotam

1277 1855 1436 1902 cum
1475 1833 1742 1902 sincera
1787 1831 2137 1902 dilectione
2178 1833 2637 1902 reverentiam.

771 2025 824 2076 A
841 2031 1044 2144 ξξᾳιῗρι
1189 2007 1358 2076 Cum
1407 2031 1694 2076 summus
1745 2007 2045 2098 pontifex
2104 2033 2413 2098 personas
2480 2011 3063 2100 crucesignatorum
3106 2019 3171 2080 et

769 2103 822 2144 to
899 2111 926 2146 e
987 2105 1076 2156 mg

771 2163 880 2212 that
899 2163 990 2212 Ri-
1097 2111 1386 2200 ipsorum
1429 2115 1614 2196 bona,
1667 2137 1748 2178 ex
1793 2137 1922 2202 quo
1968 2137 2223 2182 crucem
2270 2121 2777 2204 assumpserunt,
2826 2115 2943 2182 sub
3004 2117 3171 2182 beati

769 2231 924 2280 ehard
945 2231 1040 2296 Sy·
1097 2217 1278 2286 Petri
1347 2225 1418 2286 et
1477 2243 1592 2286 sua
1637 2219 2039 2308 protectione
2106 2221 2433 2308 suscipiat,
2508 2243 2763 2286 necnon
2824 2227 2893 2288 et
2956 2221 3165 2286 eadem

767 2301 1076 2418 ζέζῖιὶᾭζᾱ
1097 2321 1216 2388 sub
1307 2323 1983 2412 archiepiscoporuum
2070 2331 2141 2390 et
2214 2325 2661 2414 episcoporum
2746 2329 2813 2390 et
2896 2325 3171 2392 omnium

771 2435 900 2516 frqm
1097 2429 1520 2516 praelatorum
1565 2428 1846 2496 ecclesiae
1893 2427 2265 2496 defensione
2310 2429 2661 2496 consistere
2706 2428 2979 2516 jubeat;
3018 2453 3171 2518 prae-

767 2519 954 2624 {ffif’a}
977 2517 1034 2556 as
1097 2533 1262 2598 latos
1307 2557 1562 2622 quoque
1609 2535 1722 2622 qui
1765 2535 1838 2600 in
1885 2535 2253 2600 exhibenda
2288 2535 2553 2620 justitia
2610 2535 3061 2622 crucesignatis
3108 2539 3173 2600 et

767 2643 892 2692 been
1097 2661 1322 2706 eorum
1367 2639 1628 2706 familiis
1673 2641 2073 2730 negligentes
2104 2639 2467 2720 extiterint,
2500 2639 2791 2730 graviter
2830 2639 3175 2728 puniendos

767 2709 998 2830 ffvffikffle
1099 2765 1236 2810 esse
1283 2745 1606 2826 decernat,
1669 2767 1904 2832 eosque
1950 2745 2065 2832 qui
2110 2745 2433 2810 contrarie
2502 2745 3027 2832 praesumpserint,
3064 2765 3173 2832 per

767 2861 918 2900 cross.
1099 2849 1510 2916 ecclesiarum
1585 2847 1910 2936 praelatos,
1980 2849 2415 2938 appellatione
2482 2849 2855 2938 postposita,
2918 2871 3173 2916 censura

1099 2953 1530 3020 ecclesiastica
1573 2953 2067 3042 compescendos
2112 2975 2249 3020 esse
2304 2955 2705 3022 constituat:
2772 2955 2907 3020 haec
2970 2955 3173 3018 omnia

1101 3059 1466 3138 attendens,
1545 3081 1628 3124 ne
1703 3057 2123 3146 negligentiae
2216 3063 2475 3124 reatum
2572 3063 2641 3126 et
2730 3047 3183 3126 inobedientiae

1103 3165 1350 3230 crimen
1413 3187 1562 3230 cum
1627 3165 1840 3252 poenis
1905 3165 2031 3230 sibi
2092 3165 2425 3252 deputatis
2490 3165 2835 3246 incurram,
2898 3165 3171 3232 domina·

1101 3269 1350 3334 tionem
1395 3272 1698 3350 vestram,
1765 3275 2017 3356 quanta
2040 3269 2059 3306 ¹
2110 3291 2375 3358 possum
2436 3269 2803 3350 devotione,
2854 3291 2967 3356 per
3024 3293 3173 3360 prae-

1101 3379 1352 3440 sentem
1397 3375 1718 3462 paginam,
1757 3379 1826 3438 et
1853 3375 2163 3440 dilectum
2204 3375 2281 3440 in
2328 3375 2587 3442 Christo
2632 3375 2841 3440 filium
2886 3375 3171 3440 abbatem

767 3497 790 3522 ³
807 3489 1044 3550 Richara
1103 3479 1184 3544 de
1229 3477 1456 3544 Dorke
1479 3493 1526 3558 a,
1573 3479 1969 3544 exorandam
2016 3479 2191 3560 duxi,
2248 3479 2741 3562 exhortandam,
2790 3485 2857 3546 et
2916 3501 3175 3546 commo-

767 3559 1076 3680 }‚bgssffigten
1103 3583 1392 3648 nendam
1433 3585 1506 3648 in
1551 3583 1848 3664 Domino,
1897 3589 2223 3672 quatenus
2254 3585 2655 3652 Richardum
2700 3583 2975 3672 Syward.
3016 3585 3173 3650 mili-

1103 3693 1240 3754 tem
1313 3687 1756 3774 parochanum
1829 3711 2067 3770 meum,
2116 3689 2481 3756 ministerio
2546 3691 2679 3756 mei
2722 3689 2875 3756 licet
2932 3689 3171 3778 indigni

1103 3793 1644 3882 crucesignatum,
1691 3815 1732 3858 a
1793 3817 2047 3860 carcere
2116 3799 2183 3858 et
2246 3795 2527 3860 vinculis
2586 3795 2853 3860 liberari
2916 3793 3171 3872 faciatis,

1099 3897 1538 3978 attendentes,
1629 3897 1684 3964 si
1761 3897 1989 3986 placet,
2066 3897 2243 3986 quod
2286 3897 2721 3986 crucesignati
2798 3921 2911 3986 per
2980 3899 3173 3986 ipsam

1097 4005 1304 4070 crucis
1381 4005 1894 4092 assumptionem
1968 4025 2037 4068 se
2112 4005 2441 4070 devovent
2506 4009 2571 4070 et
2646 4003 3053 4070 sanctificant
3106 4005 3177 4068 in

1099 4109 1548 4176 defensionem
1591 4109 1748 4176 fidei
1793 4107 2189 4176 Christianae
2256 4113 2323 4174 et
2390 4107 2801 4174 infidelitatis
2862 4129 3177 4196 oppugna-

1093 4215 1346 4280 tionem
1419 4237 1628 4302 usque
1713 4215 1800 4278 ad
1885 4213 2221 4302 sanguinis
2304 4211 2687 4278 effusionem
2762 4217 2829 4280 et
2892 4219 3177 4280 mortem.

1097 4319 1168 4386 Si
1213 4319 1420 4406 igitur
1467 4325 1712 4386 terram
1757 4319 2157 4406 assignatam
2204 4321 2275 4382 et
2320 4317 2795 4384 sanctificatam
2844 4317 2917 4382 in
2976 4317 3173 4406 sepul-

1099 4427 1320 4488 turam
1367 4429 1774 4488 mortuorum
1819 4429 1888 4488 et
1931 4445 2091 4488 vasa
2136 4421 2469 4508 assignata
2534 4425 2601 4488 et
2666 4419 3065 4488 sanctificata
3106 4423 3171 4488 in

1111 4641 1160 4648 -—--
1169 4641 1542 4650 -a--n--o—a-m-u--m-...m--on
1553 4641 1738 4650 κιὼν-.-

1761 4781 1774 4812 ¹
1809 4781 2023 4848 quanta]
2062 4791 2315 4848 quantum,
2344 4781 2523 4836 C.c.c.
