3875 5734
1595 793 1949 846 EPISTOLAE.
2696 795 2731 852 1
2742 795 2821 856 55

749 973 978 1042 sarium
1023 975 1354 1042 credimus.
1451 975 1624 1056 Quia
1653 977 1858 1064 igitur
1889 979 2031 1044 sine
2062 979 2349 1068 decalogi
2380 981 2825 1048 observatione

751 1083 912 1148 salus
953 1083 1318 1148 animarum
1381 1105 1512 1148 non
1557 1083 1872 1162 consistit,
1937 1083 2365 1148 exhortamur
2406 1085 2477 1148 in
2524 1085 2823 1166 DominO,

749 1191 1010 1254 firmiter
1059 1189 1490 1278 injungentes
1539 1193 1618 1254 ut
1661 1189 2109 1276 unusquisque
2176 1193 2397 1274 pastor
2460 1191 2827 1254 animarum

749 1301 812 1362 et
839 1295 1106 1382 quilibet
1159 1293 1450 1360 sacerdos
1503 1293 1890 1380 parochialis
1935 1293 2103 1356 sciat
2148 1291 2541 1378 decalogum,
2590 1293 2661 1356 id
2706 1299 2823 1370 est,

749 1401 956 1466 decem
1001 1401 1310 1464 mandata
1355 1401 1516 1488 legis
1561 1395 1947 1484 Moysaicae3
2026 1397 2379 1484 eademque
2424 1397 2657 1484 populo
2704 1397 2829 1462 sibi

749 1505 1024 1590 subjecto
1067 1503 1442 1590 frequenter
1487 1505 1794 1590 praedicet
1841 1509 1910 1568 et
1956 1507 2259 1588 exponat.
2348 1501 2529 1566 Sciat
2574 1525 2829 1588 quoque

749 1631 888 1696 quae
929 1609 1060 1674 sint
1105 1613 1352 1696 septem
1401 1608 1782 1686 criminalia,
1841 1607 2197 1692 eademque
2244 1605 2547 1672 similiter
2590 1605 2831 1694 populo

749 1713 1044 1800 praedicet
1087 1713 1402 1800 fugienda
1439 1737 1450 1776 :
1487 1713 1652 1778 sciat
1683 1713 1965 1800 insuper,
2000 1713 2233 1776 saltem
2264 1711 2659 1800 simpliciter,
2694 1731 2835 1798 sep-

749 1825 874 1884 tem
905 1817 1328 1882 ecclesiastica
1355 1823 1808 1896 sacramenta3
1873 1821 1938 1882 et
1988 1817 2061 1880 hi
2106 1815 2221 1902 qui
2268 1821 2427 1882 sunt
2474 1815 2835 1882 sacerdotes

749 1923 1016 1986 maxime
1083 1923 1296 1986 sciant
1341 1943 1488 2006 quae
1535 1923 1900 2008 exiguntur
1944 1921 2031 1986 ad
2078 1943 2255 1988 verae
2300 1919 2715 1988 confessionis
2766 1925 2835 1988 et

749 2025 1140 2112 poenitentiae
1187 2031 1680 2104 sacramentum,
1729 2025 2133 2112 formamque
2176 2025 2605 2112 baptizandi3
2652 2025 2835 2092 doce-

749 2135 858 2196 ant
923 2129 1284 2214 frequenter
1357 2129 1550 2194 laicos
1625 2131 1700 2196 in
1775 2129 2085 2196 idiomate
2148 2131 2511 2196 communi:
2594 2131 2835 2196 habeat

751 2257 992 2322 quoque
1037 2235 1310 2318 quisque
1379 2255 1600 2300 eorum
1663 2235 1894 2298 saltem
1940 2235 2299 2322 simplicem
2346 2235 2501 2300 fidei
2544 2235 2835 2300 intellec-

751 2345 902 2418 tum,
965 2337 1132 2404 sicut
1199 2337 1574 2404 continetur
1637 2337 1710 2400 in
1773 2339 2083 2424 symb010‚
2132 2343 2271 2404 tam
2334 2339 2579 2426 majore
2634 2361 2833 2424 quam

751 2445 1002 2520 minore,
1049 2447 1116 2508 et
1159 2441 1232 2506 in
1275 2447 1564 2508 tractatu
1613 2443 1726 2528 qui
1771 2443 2013 2508 dicitur
2060 2441 2463 2530 Quicunque
2508 2443 2667 2526 vult,
2718 2445 2833 2528 qui

751 2547 974 2612 cotidie
1035 2547 1118 2610 ad
1161 2545 1440 2632 primam
1507 2547 1580 2610 in
1619 2547 1910 2612 ecclesia
1976 2547 2295 2634 psallitur.
2418 2547 2835 2612 Eucharistia

749 2657 974 2730 autem,
1009 2673 1152 2736 quae
1195 2658 1674 2716 sacramentum
1721 2655 1818 2716 est
1865 2649 2195 2716 Dominici
2238 2651 2535 2736 corporis
2582 2651 2655 2716 in
2696 2650 2835 2718 1000

749 2757 1052 2844 singulari
1095 2757 1342 2820 mundo
1391 2759 1456 2820 et
1503 2757 1764 2842 signato
1807 2777 2063 2842 semper
2108 2755 2459 2820 honorifice
2506 2757 2829 2836 collocata,

749 2861 970 2928 devote
1017 2883 1086 2928 ac
1139 2861 1424 2928 fideliter
1467 2865 1910 2926 conservetur.
2004 2857 2325 2924 Sacerdos
2370 2881 2525 2924 vero
2556 2859 2835 2948 quilibet

747 2965 1106 3050 frequenter
1151 2967 1380 3030 doceat
1423 2965 1680 3052 plebem
1711 2985 1914 3042 suam,
1966 2969 2045 3028 ut
2090 2985 2241 3028 cum
2286 2963 2359 3026 in
2404 2963 2835 3030 celebratione

749 3069 1080 3134 missarum
1127 3069 1422 3134 elevatur
1483 3069 1702 3132 hostia
1769 3067 2097 3144 salutaris,
2166 3089 2235 3132 se
2296 3073 2673 3132 reverenter
2734 3069 2835 3132 in—

749 3173 980 3252 clinet3
1043 3171 1216 3238 idem
1263 3171 1506 3238 faciens
1553 3195 1700 3236 cum
1763 3193 1906 3236 eam
1952 3177 2175 3258 portet
2220 3171 2563 3258 presbyter
2608 3171 2691 3236 ad
2736 3171 2837 3234 in·

749 3277 1016 3358 firmum,
1091 3297 1290 3362 quam
1363 3277 1434 3340 in
1513 3275 1772 3342 decenti
1845 3275 2099 3354 habim,
2180 3275 2515 3362 supposito
2588 3277 2837 3342 mundo

749 3379 1076 3460 velamine,
1121 3381 1292 3444 ferat
1325 3385 1394 3444 et
1433 3379 1676 3444 referat
1721 3379 2065 3444 manifeste
2112 3401 2183 3444 ac
2228 3379 2573 3444 honorifice
2598 3377 2619 3414 ¹
2682 3385 2837 3444 ante

749 3487 966 3566 pectus
1029 3505 1176 3546 cum
1237 3483 1608 3548 reverentia
1653 3487 1720 3546 et
1765 3483 2021 3562 timore,
2088 3503 2339 3570 semper
2384 3483 2633 3546 lumine
2676 3505 2839 3568 prae-

749 3585 1016 3664 cedente,
1065 3609 1210 3652 cum
1257 3587 1346 3652 sit
1391 3585 1634 3652 candor
1683 3585 1844 3652 lucis
1887 3591 2193 3668 aeternae3
2242 3591 2319 3652 ut
2366 3609 2451 3652 ex
2496 3587 2615 3652 1100
2658 3585 2837 3672 apud

749 3711 960 3752 omnes
1025 3689 1186 3754 fides
1257 3695 1324 3754 et
1389 3691 1652 3754 devotio
1719 3697 2075 3776 augeatur;
2154 3689 2697 3774 quemadmodum
2764 3691 2837 3754 in

749 3791 1026 3876 generali
1073 3791 1362 3858 Concilio
1395 3793 1738 3858 scribitur:
1773 3793 2299 3858 tintinnabulum
2332 3813 2587 3878 quoque
2618 3791 2841 3856 simu1‘2

749 3915 888 3958 cum
929 3893 1178 3958 lumine
1223 3897 1664 3960 venerandam
1717 3897 2005 3982 corporis
2052 3893 2299 3960 Christi
2346 3897 2625 3960 hostiam
2670 3917 2837 3960 sem-

749 4017 858 4082 per
899 3999 1238 4084 praecedat,
1285 4003 1366 4064 ut
1409 3999 1552 4084 ejus
1599 3999 1820 4064 sonitu
1865 3999 2189 4062 excitetur
2232 3997 2525 4064 fidelium
2570 3999 2837 4064 devotio

749 4099 830 4164 ad
887 4099 1058 4166 tanti
1103 4101 1512 4166 Sacramenti
1573 4101 1864 4166 debitam
1907 4101 2373 4166 adorationem.
2466 4103 2839 4170 Observent

751 4203 940 4268 etiam
983 4205 1346 4270 sacerdotes
1391 4227 1540 4270 cum
1583 4205 1762 4270 omni
1813 4203 2163 4290 diligentia
2220 4227 2303 4270 ne
2350 4227 2533 4272 sacra
2578 4207 2835 4272 Eucha-

749 4305 926 4372 ristia
967 4329 1084 4394 per
1127 4307 1376 4374 vitium
1421 4315 1538 4374 aut
1585 4309 1914 4374 diutinam
1966 4309 2533 4374 conservationem
2580 4315 2835 4376 contra-

811 4713 824 4740 ¹
859 4711 1136 4778 honorifice]
1173 4711 1398 4770 honeste,
1427 4709 1532 4760 sid.
1781 4715 1794 4766 1
1901 4707 1922 4734 ²
1950 4707 2119 4772 simul]
2158 4705 2401 4766 similiter,
2422 4703 2525 4756 Sid.
