3875 5734
1587 779 1941 832 EP1s'r0LAE.
2682 769 2817 842 217

729 961 926 1050 igitur
953 963 1342 1048 potestatem
1385 957 1682 1026 laicalem
1717 959 2009 1048 judicem
2056 961 2221 1040 cleri,
2274 967 2373 1028 est
2420 959 2697 1026 caudam
2740 959 2815 1026 in

729 1071 916 1156 caput
959 1069 1346 1146 convertere,
1381 1065 1772 1132 naturaliter
1799 1063 2107 1130 inferiora
2152 1067 2445 1152 superius
2486 1065 2811 1144 collocare,

729 1177 792 1240 et
875 1171 1202 1260 superiora
1271 1171 1358 1236 ad
1431 1171 1640 1236 imum
1715 1167 2071 1248 detrahere,
2136 1191 2211 1236 ac
2254 1191 2369 1256 per
2422 1191 2817 1256 consequens

729 1277 938 1344 omnia
995 1275 1390 1364 perturbare.
1527 1273 1620 1340 Et
1695 1297 1842 1338 cum
1905 1293 2243 1368 perversor
2316 1273 2565 1338 ordinis
2628 1275 2815 1362 justo

719 1379 954 1470 judicio
1019 1381 1306 1470 patietur
1349 1379 1526 1468 quod
1587 1377 1790 1460 facit3
1847 1383 2115 1446 tantum
2160 1377 2607 1464 deprimentur
2652 1379 2817 1446 tales

721 1485 962 1574 judices
1025 1485 1146 1550 sub
1215 1485 1346 1550 suis
1413 1481 1736 1572 gradibus,
1785 1487 2109 1570 quantum
2172 1479 2595 1568 deprimendo
2656 1483 2817 1548 alios

731 1613 792 1656 se
863 1587 1120 1676 erigunt
1183 1611 1380 1676 supra
1447 1611 1600 1654 suos
1651 1587 1910 1674 gradus.
2002 1585 2307 1674 Amplius
2370 1589 2591 1650 autem
2646 1587 2817 1654 sicut

729 1693 1034 1782 sapientia
1101 1697 1200 1760 est
1265 1693 1352 1758 ad
1413 1693 1778 1782 potentiam
1835 1695 1900 1758 et
1948 1691 2219 1780 spiritus
2272 1691 2359 1758 ad
2404 1713 2681 1772 carnem,
2728 1691 2821 1758 sic

729 1799 924 1866 clerus
965 1801 1064 1864 est
1107 1799 1192 1864 ad
1235 1797 1552 1886 populum
1597 1801 1666 1864 et
1711 1797 2145 1864 sacerdotium
2190 1797 2277 1864 ad
2320 1819 2611 1884 regnum.
2690 1795 2823 1862 Sed

727 1901 1036 1992 sapientia
1079 1903 1152 1966 in
1199 1901 1500 1968 omnibus
1547 1901 1734 1986 regit,
1783 1901 2127 1990 gubernat,
2176 1905 2243 1968 et
2302 1903 2697 1984 moderatur,
2744 1923 2823 1968 ae

727 2031 836 2098 per
873 2007 994 2072 hoc
1039 2005 1354 2094 dijudicat
1397 2005 1808 2094 potentiam3
1851 2007 2155 2094 potentia
2212 2011 2435 2072 autem
2478 2029 2821 2094 nunquam

727 2115 794 2178 in
863 2111 1080 2198 aliquo
1167 2115 1386 2198 potest
1477 2109 1832 2198 dijudicare
1923 2109 2355 2198 sapientiam3
2402 2111 2609 2202 igitur
2698 2133 2821 2178 nee

727 2217 996 2306 populus
1059 2215 1316 2296 clerum,
1383 2237 1502 2282 nec
1577 2237 1850 2304 regnum
1925 2217 2373 2282 sacerdotium.
2496 2215 2823 2282 Similiter

731 2319 984 2410 spiritus
1071 2319 1382 2402 vivificat,
1475 2325 1716 2400 movet,
1793 2325 1860 2386 et
1950 2319 2123 2408 regit
2200 2343 2471 2400 carnem,
2554 2343 2819 2406 suaeque

729 2425 960 2492 subicit
1019 2421 1270 2490 ditioni.
1361 2425 1728 2512 Nunquam
1771 2427 1995 2490 autem
2040 2447 2079 2490 e
2118 2427 2345 2490 contra
2388 2447 2535 2492 caro
2580 2431 2821 2512 praeest

731 2529 996 2616 spiritui,
1059 2529 1188 2594 nisi
1231 2549 1316 2594 ex
1373 2535 1564 2616 parte
1629 2551 1706 2592 ea
1781 2549 1910 2616 qua
1976 2549 2323 2614 perversus
2376 2533 2475 2592 est
2546 2529 2817 2614 spiritus

727 2633 1012 2700 hominis
1103 2631 1270 2700 Cum
1313 2633 1520 2722 igitur
1563 2635 1852 2720 potestas
1895 2631 2141 2698 laicalis
2186 2631 2429 2698 clerum
2472 2631 2813 2718 dijudicat,
2860 2701 2865 2706 ,

729 2739 1016 2826 potentia
1061 2745 1284 2804 contra
1327 2761 1548 2804 rerum
1595 2735 1886 2802 ordinem
1919 2735 2241 2822 dijudicat
2286 2735 2693 2822 sapientiam,
2742 2743 2811 2802 et

731 2865 868 2910 caro
935 2841 1060 2910 sibi
1133 2843 1370 2910 subicit
1435 2843 1754 2932 spiritum.
1849 2841 2091 2906 Nonne
2154 2840 2361 2906 clerus
2426 2843 2493 2906 et
2538 2841 2819 2928 populus

731 2945 1148 3012 sacerdotium
1235 2953 1304 3014 et
1393 2969 1670 3036 regnum
1757 2949 1930 3024 sunt,
2024 2945 2193 3010 sicut
2284 2945 2415 3010 duo
2502 2943 2819 3028 homineS,

731 3073 994 3138 quorum
1053 3051 1220 3116 alter
1283 3055 1382 3118 est
1433 3051 1744 3138 spiritalis
1811 3051 1878 3114 et
1940 3049 2229 3136 reliquus
2252 3045 2273 3084 ¹
2346 3047 2619 3114 carnalis
2680 3049 2821 3114 sive

731 3153 1060 3238 animalis3
1103 3159 1172 3222 et
1239 3155 1406 3222 alter
1471 3157 1634 3224 item
1697 3153 2021 3242 sapientia
2082 3153 2463 3242 praevalens,
2532 3153 2821 3240 reliquus

729 3281 874 3324 vero
917 3261 1252 3346 potentia?
1343 3261 1476 3326 Sed
1507 3261 1590 3324 de
1619 3259 1900 3346 spiritali
1931 3257 2097 3324 dicit
2126 3257 2405 3322 Paulus:
2454 3255 2823 3344 Spiritalis
2850 3265 2873 3308 1
2902 3261 3019 3316 cor.
3040 3263 3091 3314 ii·

731 3369 954 3430 autem
1011 3363 1356 3450 dijudicat
1399 3361 1642 3432 omnia
1687 3369 1748 3428 et
1805 3363 1953 3450 ipse
1994 3385 2043 3428 a
2100 3359 2379 3430 nemine
2432 3361 2817 3450 judicatur.
2846 3333 2925 3382 ¹⁵⁰

731 3467 812 3534 Et
853 3467 1004 3534 licet
1049 3489 1244 3556 opera
1285 3467 1628 3534 Trinitatis
1675 3465 1764 3532 sit
1809 3465 2115 3548 indivisa,
2162 3471 2327 3552 puto
2370 3471 2593 3532 tamen
2640 3467 2817 3552 quod

729 3593 836 3656 per
879 3573 1204 3656 quandam
1247 3569 1848 3660 appropriationem
1901 3569 2091 3636 dedit
2136 3569 2345 3636 Pater
2388 3591 2585 3636 omme
2616 3569 2817 3654 judi-
2844 3575 2895 3626 S·
2918 3569 3057 3624 John
3078 3589 3129 3624 V·

731 3671 912 3740 cium
971 3673 1176 3756 rasso,
1229 3675 1386 3742 1102ss
1451 3673 1624 3762 qma
1689 3673 1928 3742 Filius
1982 3673 2291 3742 hominis
2358 3681 2463 3740 est.
2558 3673 2817 3740 Nihilo-
2842 3649 2929 3704 ‘²2’
2946 3639 3029 3690 ²⁷·

729 3779 938 3842 minus
979 3783 1202 3844 tamen
1247 3779 1402 3864 quia
1445 3777 1772 3866 sapientia
1835 3783 1955 3860 est,
1998 3801 2193 3846 omne
2252 3777 2459 3864 igitur
2490 3777 2821 3862 judicium

729 3879 1054 3968 sapientiae
1115 3881 1454 3948 tribuitur.
1549 3881 1706 3948 Non
1771 3883 1951 3948 enim
2004 3881 2265 3968 judicat
2326 3881 2641 3968 potentia,
2688 3879 2819 3946 nisi

727 3985 892 4050 unde
953 3991 1052 4050 est
1117 3985 1458 4074 sapientiae
1523 3987 1844 4052 ministra.
1937 3983 2147 4052 Omne
2220 3983 2429 4072 igitur
2488 3983 2819 4070 judicium

729 4089 974 4176 proprie
991 4089 1018 4126 2
1091 4113 1208 4176 per
1281 4091 1744 4158 auctoritatem
1839 4093 1941 4156 est
2038 4089 2385 4154 sacerdotii
2480 4093 2553 4152 et
2646 4089 2819 4158 cleri.

729 4191 1020 4258 Retinuit
1063 4197 1286 4258 tamen
1331 4193 1460 4260 sibi
1503 4193 1953 4272 sacerdotium,
1998 4197 2079 4258 ut
2138 4213 2255 4280 per
2316 4191 2487 4278 leges
2558 4191 2821 4260 divinas

725 4301 788 4362 et
829 4295 1286 4362 ecclesiasticas
1331 4299 1594 4384 proprio
1639 4295 2001 4362 ministerio
2048 4295 2135 4362 ad
2180 4317 2403 4382 pacem
2460 4297 2821 4382 peccatoris

725 4399 790 4464 in
849 4401 1052 4488 culpis
1143 4405 1214 4468 et
1305 4401 1496 4466 rebus
1577 4385 2025 4466 ecclesiasticis
2088 4403 2419 4466 exerceret
2472 4397 2817 4487 judicium,

727 4503 1118 4592 principibus
1161 4527 1320 4572 vero
1365 4505 1570 4572 seculi
1609 4503 1906 4584 tradidit,
1954 4509 2033 4570 ut
2092 4525 2211 4590 per
2258 4503 2437 4590 leges
2480 4503 2709 4570 civiles
2754 4511 2823 4572 et

787 4853 802 4884 ¹
839 4851 1076 4920 reliquus]
1115 4851 1324 4920 reliqua,
1349 4851 1450 4906 Ox.
1765 4855 1778 4916 1
1871 4851 1892 4880 ²
1927 4847 2105 4902 c.0.C.
2130 4847 2235 4902 Ox,
2254 4847 2415 4902 insert
2434 4855 2493 4900 et.
