3875 5734
1617 833 1977 886 EPISTOLAE.
2710 821 2835 886 311

755 1011 1008 1102 promat
1051 1007 1524 1096 refulgentiam,
1573 1009 1838 1076 domino
1881 1011 2037 1098 regi,
2094 1011 2151 1074 si
2208 1009 2439 1098 placet,
2484 1007 2837 1088 suadendo,

753 1123 828 1180 ut
885 1113 1040 1200 ipse,
1103 1113 1274 1180 sicut
1331 1115 1580 1200 regiam
1645 1113 1832 1178 decet
1895 1113 2323 1198 majestatem,
2384 1119 2647 1180 exortas
2704 1119 2841 1180 tur-

755 1219 1088 1284 bationum
1137 1237 1378 1302 ⁴novas
1453 1239 1676 1282 causas
1747 1221 2011 1294 resecet,
2088 1237 2207 1282 nec
2292 1213 2685 1302 repullulare
2758 1217 2839 1282 de

757 1327 984 1388 caetero
1025 1319 1370 1406 permittat
1385 1343 1402 1398 3
1449 1319 1564 1386 sed
1613 1317 1702 1384 in
1745 1317 1916 1384 solio
1964 1317 2229 1404 judicii
2288 1317 2609 1398 residem&
2668 1319 2835 1384 sicut

755 1425 832 1488 de
873 1445 1022 1510 rege
1067 1423 1236 1488 bono
1281 1423 1596 1510 scriptum
1641 1425 1756 1500 est,
1807 1443 2003 1486 omne
2050 1421 2321 1488 malum
2370 1419 2649 1488 intuitu
2708 1443 2831 1488 suo
2856 1431 3007 1486 Prov.
3032 1451 3123 1486 xx.

755 1525 1070 1612 dissipem
1115 1527 1292 1610 quod
1335 1527 1510 1590 enim
1555 1527 1692 1612 ipse
1735 1523 1822 1590 ad
1849 1531 2137 1590 vestram
2184 1525 2551 1590 suasionem
2590 1523 2829 1604 fecerit,
2856 1505 2905 1552 ⁸·

755 1653 868 1698 vos
941 1651 1058 1716 per
1127 1629 1340 1716 ipsum
1415 1629 1484 1692 in
1559 1629 1700 1716 ipso
1773 1629 2041 1696 facietis,
2160 1629 2273 1694 Ad
2344 1629 2557 1694 instar
2628 1629 2833 1716 igitur

757 1733 1010 1812 Hester,
1057 1733 1338 1818 optimae,
1385 1733 1826 1814 sanctissimae,
1879 1733 2535 1818 prudentissimaeque
2576 1731 2831 1818 reginae,

755 1835 1064 1924 populum
1125 1857 1316 1902 suum
1379 1837 1578 1902 morti
1643 1857 1724 1900 ex
1793 1837 2051 1902 decreto
2116 1837 2295 1922 regio
2356 1835 2691 1902 addictum
2754 1835 2835 1902 de

755 1945 958 2004 morte
999 1939 1352 2018 liberantis
1399 1959 1536 2004 non
1579 1939 1790 2004 solum
1833 1939 2167 2026 populum,
2212 1941 2325 2004 sed
2368 1945 2439 2004 et
2482 1939 2721 2004 clerum
2768 1943 2835 2004 et

755 2043 1178 2108 sacerdotium
1205 2043 1390 2130 regni
1421 2043 1682 2130 Angliae
1727 2043 1808 2106 de
1851 2043 2133 2108 insolitis
2180 2047 2247 2106 et
2290 2043 2477 2106 novis
2514 2043 2833 2130 angustiis

755 2169 866 2232 per
905 2150 1190 2212 vestram
1247 2145 1424 2232 apud
1483 2145 1824 2212 dominum
1865 2169 2085 2232 regem
2130 2147 2517 2212 instantiam
2558 2145 2831 2214 Jibcrare

755 2249 1000 2316 curetis,
1089 2247 1324 2314 Valeat
1367 2251 1680 2314 serenitas
1721 2253 1943 2316 vestra
1986 2271 2235 2336 semper
2282 2249 2355 2312 in
2400 2249 2697 2316 Domino.

1709 2607 1878 2676 CIV.

769 2805 1148 2874 Venerabili
1235 2807 1322 2874 ‘in
1413 2807 1678 2874 Chresto
1739 2807 1938 2894 patri
2032 2805 2297 2886 Othoni,
2380 2805 2513 2872 Dei
2596 2797 2829 2892 qratia

923 2911 1166 2978 Sancti
1235 2911 1310 2976 N
1305 2909 1556 2976 icholcml
1629 2911 1716 2976 in
1781 2911 2051 2978 Oaree're
2114 2907 2439 2976 Tulliano
2530 2909 2833 2976 Diacono

931 3013 1312 3096 Carolinali,
1407 3013 1806 3102 Apostolicoe
1909 3011 2091 3080 sedis
2172 3013 2397 3098 ἰθραέο,
2490 3011 2833 3094 RobertuS,

929 3117 1358 3184 ‘miseratione
1389 3117 1640 3184 divina
1669 3117 2181 3184 Lincolniensis
2210 3117 2485 3184 ecclesie&
2518 3115 2835 3182 mimlster

925 3219 1226 3300 humilia
1261 3219 1582 3302 salutem,
1629 3227 1688 3286 et
1739 3243 1947 3308 quam
1992 3219 2289 3288 debitam
2328 3225 2475 3286 tam
2534 3219 2835 3288 devotam

929 3321 1014 3388 in
1055 3323 1370 3390 omnibus
1415 3323 1870 3390 obedientiam
1913 3331 1973 3390 et
2018 3323 2479 3392 reverentiam.

2936 2801 3063 2846 1240
3076 2799 3099 2844 ?

841 3495 1122 3562 Rediens
1193 3497 1280 3562 ad
1363 3519 1482 3560 nos
1571 3519 1610 3560 a
1683 3501 1922 3562 vestrae
1996 3497 2413 3584 paternitatis
2484 3495 2833 3584 praesentia
2854 3501 2933 3554 He
2952 3503 3083 3556 fears

755 3599 1056 3686 magister
1097 3601 1160 3666 S.
1209 3599 1292 3666 de
1333 3597 1610 3678 Ardene‚
1661 3597 1924 3666 clericus
1980 3609 2219 3682 noster,
2250 3601 2481 3666 retulit
2526 3599 2713 3666 nobis
2766 3621 2831 3664 se

2854 3571 2961 3622 that
2976 3573 3111 3624 Otho
3122 3573 3165 3624 is

2854 3639 3083 3690 offended
3112 3651 3163 3696 at

755 3703 1048 3786 quaedam
1107 3729 1148 3768 a
1189 3703 1376 3768 vobis
1421 3705 1760 3782 audivisse,
1805 3705 1979 3768 unde
2040 3725 2177 3768 non
2238 3705 2563 3768 modicum
2606 3703 2833 3768 timuit
2852 3707 2973 3758 him.

755 3811 984 3870 vestrae
1043 3801 1368 3872 consuetae
1429 3805 1796 3870 dilectionis
1859 3829 2013 3894 erga
2072 3829 2193 3872 nos
2256 3807 2671 3872 serenitatem
2716 3807 2833 3872 ob-

755 3909 1064 3974 fuscatam
1107 3909 1320 3976 fuisse.
1413 3909 1606 3990 Quod
1669 3911 1724 3974 si
1769 3933 1999 3974 verum
2052 3915 2233 3988 esset,
2280 3907 2635 3996 plurimum
2678 3909 2833 3974 inde

755 4011 1122 4090 doleremus,
1199 4013 1368 4078 sicut
1441 4017 1512 4076 et
1567 4011 1977 4092 deberemus3
2044 4013 2349 4078 novimus
2418 4013 2591 4076 enim
2658 4011 2835 4098 quod

755 4135 974 4180 serena
1019 4119 1084 4180 et
1129 4117 1346 4182 suavis
1391 4115 1754 4182 dilectionis
1797 4119 2037 4182 vestrae
2082 4137 2275 4202 super
2318 4137 2433 4180 nos
2496 4115 2833 4182 irradiatio

755 4225 988 4284 nostrae
1031 4221 1518 4286 tenebrositatis
1561 4227 1664 4284 est
1705 4221 2029 4308 purgatio,
2060 4219 2439 4306 ffigiditatis
2484 4219 2829 4298 calefactiO,

755 4323 1264 4386 mortificationis
1297 4321 1674 4402 vivificatio,
1721 4323 2091 4386 sterflitatis
2136 4321 2219 4386 ad
2262 4321 2835 4386 fructificationem

755 4425 1056 4492 reductio,
1149 4425 1322 4492 Sunt
1393 4427 1660 4512 insuper
1729 4425 2063 4492 radiorum
2134 4425 2395 4492 sincerae
2470 4425 2835 4492 dilectionis

755 4529 994 4614 spicula
1051 4529 1450 4596 adversarias
1513 4533 1868 4616 potestates
1937 4533 2007 4594 et
2068 4549 2291 4594 earum
2334 4533 2607 4596 conatus
2652 4529 2837 4594 dissi-

755 4633 990 4716 pantia.
1081 4633 1418 4714 Quomodo
1461 4635 1670 4720 igitur
1707 4655 1844 4698 11011
1877 4633 2257 4716 doleremUS,
2296 4633 2353 4698 si
2396 4633 2605 4698 tantis
2648 4633 2837 4698 bonis

755 4755 870 4802 nos
941 4737 1232 4824 privatos
1307 4759 1444 4802 esse
1523 4737 1941 4804 sentiremus?
2034 4735 2169 4802 Sed
2234 4735 2549 4824 quicquid
2624 4735 2837 4802 dictus
