3875 5734
1647 767 2003 848 'ErrsToLAE
2738 793 2863 858 221

793 975 1070 1058 tempore
1115 969 1352 1038 referri.
1445 973 1636 1054 Quod
1683 975 1738 1038 si
1803 975 1979 1042 dicat
2024 975 2169 1062 quis
2232 999 2365 1044 non
2406 977 2605 1044 fuisse
2666 999 2873 1042 unum

791 1081 856 1144 et
899 1077 1170 1142 eundem
1217 1077 1614 1146 sacerdotem
1661 1077 1945 1146 Levitici
2010 1081 2267 1168 generis
2334 1087 2403 1146 et
2486 1081 2873 1166 adjudicem,

791 1183 898 1250 sed
943 1183 1250 1266 diverSOS,
1297 1187 1364 1248 et
1397 1183 1690 1270 judicem
1755 1183 2025 1270 quidem
2088 1207 2221 1250 non
2286 1185 2483 1250 fuisse
2554 1185 2871 1260 Levitam,

791 1289 900 1356 sed
945 1289 1022 1354 de
1085 1287 1268 1354 tribu
1321 1287 1466 1368 alia,
1515 1311 1590 1354 ac
1653 1309 1770 1374 pei·
1815 1287 1953 1368 hoc,
2016 1293 2097 1354 ut
2158 1309 2241 1352 ex
2310 1287 2425 1352 illa
2484 1289 2877 1354 auctoritate

791 1393 1046 1460 videtur
1089 1415 1274 1482 posse
1319 1393 1552 1482 colligi,
1593 1391 2053 1458 determinatio
2082 1391 2445 1458 difficilium
2472 1395 2543 1456 et
2586 1391 2881 1480 ambigu-

791 1521 972 1566 orum
1007 1497 1404 1584 judiciorum
1447 1521 1582 1564 non
1625 1497 1957 1584 pertineat
1992 1497 2205 1562 solum
2246 1497 2335 1560 ad
2378 1517 2585 1584 genus
2630 1495 2879 1560 Leviti-

791 1625 974 1684 cum3
1017 1607 1088 1668 et
1129 1625 1170 1668 a
1213 1601 1416 1668 simili
1459 1605 1694 1688 arguat
1739 1601 2357 1668 determinationem
2426 1593 2879 1686 ambiguorum

793 1707 962 1772 inter
1005 1707 1338 1772 ecclesiam
1383 1711 1452 1772 et
1495 1705 1784 1770 seculum
1811 1727 1947 1770 non
1978 1727 2115 1770 esse
2162 1705 2373 1770 solum
2412 1703 2655 1792 judicis
2688 1703 2883 1770 eccle-

793 1809 1070 1876 siastici:
1121 1811 1354 1884 saltem
1417 1809 1724 1874 concedet
1775 1809 2387 1876 determinationem
2450 1809 2685 1876 talium
2742 1831 2881 1874 esse

781 1913 1018 2002 judicis
1049 1913 1472 1992 ecclesiastici,
1521 1911 1832 1998 adjuncto
1877 1913 2007 1980 sibi
2042 1913 2269 2000 judice
2316 1913 2607 1994 seculari,
2652 1935 2881 1998 quam-

793 2041 982 2106 quam
1011 2017 1472 2084 determinatio
1501 2017 1784 2084 difficilis
1817 2023 1882 2084 et
1913 2019 2209 2106 ambigui
2228 2017 2483 2106 judicii,
2516 2019 2595 2084 de
2642 2019 2883 2106 quafit

793 2123 1032 2186 mentio
1075 2121 1148 2186 in
1193 2121 1716 2200 Deuteronomio,
1773 2145 1906 2188 non
1968 2127 2111 2188 tam
2156 2123 2425 2190 videtur
2476 2145 2611 2190 esse
2648 2123 2885 2210 judicii

791 2227 960 2292 inter
1037 2225 1358 2314 principes
1435 2249 1786 2314 synagogae
1853 2231 1922 2292 et
1982 2229 2301 2314 populum
2384 2249 2581 2314 quam
2650 2227 2885 2313 judicii

791 2331 990 2418 ipsius
1041 2329 1284 2418 populi,
1355 2331 1410 2396 si
1479 2331 1680 2396 fuerit
1745 2329 2013 2398 difficile
2080 2337 2149 2396 et
2216 2331 2617 2418 ambiguum.
2710 2331 2883 2400 Con-

791 2435 1086 2502 vincetur
1125 2435 1334 2522 igitur
1375 2435 1468 2502 sic
1499 2435 1943 2502 diversificans
1978 2437 2155 2502 inter
2200 2439 2565 2502 sacerdotes
2602 2437 2883 2502 Levitici

791 2537 1036 2628 generis
1117 2545 1186 2604 et
1265 2537 1514 2624 judices
1583 2541 1762 2604 illius
1853 2541 2187 2628 temporiS,
2268 2541 2881 2606 determinationem

791 2643 1154 2728 hujusmodi
1229 2643 1686 2730 ambiguorum
1745 2643 2125 2710 nullatenus
2186 2665 2325 2710 esse
2394 2643 2591 2710 solius
2644 2643 2883 2730 judicis

791 2745 1124 2826 secularis;
1193 2745 1486 2832 quinimo
1547 2769 1696 2814 cuni
1763 2747 2103 2812 distinctio
2162 2747 2541 2832 hujusmodi
2612 2749 2877 2814 diversi-

791 2851 946 2916 tatis
975 2851 1148 2916 inter
1191 2851 1556 2916 sacerdotes
1601 2855 1670 2916 et
1705 2849 1963 2936 judices
2006 2851 2193 2916 nulla
2234 2851 2445 2938 possit
2488 2853 2883 2918 auctoritate

791 2955 1048 3036 firmari,
1097 2955 1212 3022 sed
1253 2955 1474 3042 potius
1519 2955 1608 3020 sit
1637 2955 1820 3022 fictio
1851 2955 2063 3022 cordis
2086 2955 2421 3042 loquentis
2460 2979 2545 3020 ex
2586 2957 2887 3042 propriiS‚

793 3059 1138 3124 secundum
1187 3059 1632 3146 supradictam
1663 3059 1991 3126 rationem
2022 3059 2399 3144 hujusmodi
2430 3059 2887 3148 ambiguorum

793 3163 1244 3230 determinatio
1277 3165 1592 3252 competit
1619 3169 1884 3228 tantum
1921 3163 2133 3250 judici
2166 3161 2609 3230 ecclesiastico,
2694 3163 2887 3244 Quod

791 3273 856 3330 et
899 3267 970 3330 in
1015 3267 1326 3332 decretali
1355 3267 1632 3354 epistola
1679 3267 1840 3332 satis
1889 3267 2231 3332 evidenter
2278 3267 2557 3354 exprimi
2600 3267 2887 3344 videtur,

791 3369 902 3436 ubi
965 3375 1414 3458 supratactum
1491 3369 1993 3438 Deuteronomii
2064 3377 2463 3460 praeceptum
2538 3393 2579 3436 a
2646 3375 2885 3438 sanctae

793 3477 1112 3540 memoriae
1225 3473 1612 3540 Innocentio
1731 3473 1934 3540 tertio
2046 3475 2413 3540 luculenter
2518 3473 2883 3564 exponitur.

793 3579 1124 3660 Praeterea,
1217 3579 1394 3666 quod
1481 3579 1750 3668 gravius
1841 3585 1961 3662 est,
2080 3587 2489 3668 praesumunt
2586 3579 2887 3668 praedicti

791 3681 1068 3748 forenses
1127 3681 1382 3768 judices
1445 3705 1670 3750 causas
1731 3705 1894 3770 pure
1962 3683 2425 3750 ecclesiasticas
2480 3681 2887 3768 judicialiter

791 3785 1218 3852 determinare
1245 3809 1262 3866 ;
1307 3789 1556 3872 utpote,
1601 3791 1832 3850 utrum
1867 3787 1953 3852 de
1996 3787 2363 3874 lapicidinis
2394 3791 2463 3852 et
2514 3783 2887 3852 nemoribus

791 3893 856 3952 et
899 3889 1288 3974 quibusdam
1355 3889 1734 3976 hujusmodi
1805 3891 2087 3954 debeant
2132 3891 2303 3956 solvi
2364 3889 2677 3972 decimae3
2736 3909 2889 3954 cum

793 3993 950 4076 quid
1035 3993 1122 4056 011
1199 3993 1598 4074 decimabile‚
1665 3993 1862 4060 solius
1929 3995 2019 4060 sit
2086 3995 2367 4060 ecclesiae
2434 3993 2883 4058 determinare.

795 4093 1104 4158 Similiter
1151 4095 1598 4162 determinant
1633 4095 2055 4182 judicialiter,
2104 4103 2335 4162 utrum
2402 4095 2557 4162 talis
2620 4095 2889 4162 ecclesia

791 4197 896 4262 vel
941 4197 1180 4284 capella
1223 4199 1466 4266 habere
1513 4199 1750 4264 debeat
1819 4199 2281 4286 baptisterium
2334 4203 2403 4264 et
2466 4201 2885 4286 sepulturam,

791 4305 858 4364 et
899 4299 1290 4386 hujusmodi,
1337 4323 1486 4366 cum
1553 4303 1953 4388 Baptismus
1998 4303 2179 4366 nullo
2242 4301 2611 4380 dubitante,
2680 4323 2889 4368 sacra-

2916 4273 2967 4326 S.
2994 4271 3201 4338 Gregor.

2914 4339 3069 4402 Epist.
3092 4341 3201 4390 viii.

793 4407 1082 4468 mentum
1127 4405 1216 4468 sit
1261 4405 1784 4484 ecclesiasticum,
1835 4409 1904 4470 et
1950 4405 2285 4492 sepultura
2336 4427 2535 4484 sacra,
2580 4405 2889 4490 locusque
2914 4413 2979 4464 33
3012 4407 3085 4456 ix·
3104 4411 3153 4456 2·

2916 4475 2965 4526 S.
2994 4473 3201 4522 Hieron.

793 4527 964 4572 sacer
1025 4509 1138 4592 qui
1183 4509 1538 4596 sepulturae
1583 4509 1983 4596 deputatum
2036 4509 2211 4572 unde
2284 4513 2351 4572 et
2418 4515 2751 4574 exactores
2820 4513 2889 4570 et
2912 4539 3233 4598 Heb.Quaest.

791 4615 1146 4698 acceptores
1189 4611 1392 4698 pretii
1433 4635 1552 4698 pro
1599 4611 1955 4700 sepultura,
2004 4611 2407 4676 testantibus
2466 4613 2681 4676 beatis
2726 4609 2889 4674 Gre-

2914 4607 2967 4654 in
2990 4605 3121 4656 Gen.

2914 4671 3061 4722 xxiii.
3092 4677 3167 4720 16.

791 4715 970 4802 gorio
1013 4721 1082 4780 01
1125 4715 1172 4782 J
1175 4717 1490 4794 0101111110,
1535 4715 1856 4802 grandem
1921 4713 2177 4800 culpam
2238 4715 2605 4794 incurrunt,
2654 4719 2721 4776 et
2766 4711 2889 4772 im-
2916 4737 3043 4798 099,
3078 4737 3153 4784 ἰῇ,

791 4821 1052 4910 pietatis
1093 4821 1350 4886 macula
1391 4819 1666 4908 paganis
1729 4819 1906 4884 fiunt
1972 4817 2379 4904 posterioreS,
2442 4839 2589 4882 cum
2660 4809 2889 4876 Effron
2916 4807 3027 4850 34⁰-
