3875 5734
1619 823 1975 874 Effls'ronAE.
2718 801 2851 876 347

755 1023 896 1064 rum
937 999 1350 1066 auditoribus
1391 999 1736 1088 exponitis.
1801 999 2005 1064 Omni
2036 999 2247 1088 igitur
2284 999 2853 1086 circumspectione

755 1103 938 1170 vobis
1013 1103 1376 1170 cavendum
1437 1107 1552 1182 est,
1617 1125 1700 1170 ne
1761 1103 1938 1170 inter
1996 1105 2521 1170 fundamentales
2580 1103 2847 1190 lapidea

755 1209 858 1274 vel
899 1231 1016 1294 pro
1057 1207 1678 1286 fundamentalibus,
1727 1229 1864 1272 non
1905 1207 2429 1272 fundamentales
2474 1211 2807 1292 ponantur
2834 1233 2849 1288 ;

753 1333 832 1376 ne
905 1311 1070 1374 forte
1131 1311 1348 1374 minor
1407 1333 1544 1376 non
1601 1309 2201 1374 fundament-alium
2256 1311 2551 1374 soliditas
2624 1333 2847 1398 super-

753 1415 1142 1482 aedificatum
1187 1413 1368 1500 prius
1427 1415 1648 1500 pariat
1691 1413 2023 1494 rimosum,
2072 1417 2143 1478 et
2202 1413 2439 1478 deinde
2496 1413 2847 1478 ruinosum.

751 1519 1028 1606 Tempus
1103 1521 1328 1584 autem
1403 1519 1694 1584 maxime
1755 1519 2095 1608 proprium
2154 1517 2443 1604 ponendi
2502 1523 2571 1582 et
2630 1517 2847 1604 dispo-

753 1623 946 1688 nendi
991 1623 1338 1710 praedictos
1381 1623 1630 1710 lapides
1673 1621 1746 1686 in
1787 1621 2237 1700 fundamento,
2292 1623 2421 1708 (est
2466 1623 2637 1686 enim
2682 1625 2847 1686 tem-

753 1749 872 1814 pus
929 1725 1264 1806 fundandi,
1325 1725 1496 1792 sicut
1555 1731 1622 1790 et
1685 1731 1953 1812 tempus
2010 1725 2453 1812 oedfficandigy
2514 1725 2679 1790 hora
2750 1731 2849 1790 est
2872 1735 3009 1792 Eecl.
3034 1741 3105 1792 iii.
3130 1749 3179 1794 3.

753 1831 1080 1896 matutina
1139 1851 1270 1918 qua
1331 1827 1656 1896 ordinarie
1731 1829 1993 1916 legitis3
2070 1831 2253 1896 decet
2328 1829 2535 1916 igitur
2594 1833 2847 1896 vestras

753 1935 1052 2000 lectiones
1099 1955 1340 2014 omneS,
1385 1935 1668 1998 maxime
1713 1935 1836 1998 tali
1879 1939 2189 2020 tempore,
2236 1933 2539 2022 legendas
2586 1955 2721 1998 esse
2766 1935 2847 1998 de

751 2037 932 2102 libris
977 2037 1156 2102 Novi
1201 2037 1608 2102 Testamenti
1649 2037 1758 2104 vel
1801 2039 2061 2104 Veteris
2092 2063 2107 2118 ;
2168 2061 2251 2102 ne
2274 2037 2313 2116 ¹,
2362 2037 2419 2102 si
2478 2061 2661 2104 secus
2706 2037 2849 2118 fiat,

751 2139 922 2206 inter
963 2139 1504 2220 fundamentales,
1551 2139 1658 2206 vel
1703 2163 1820 2226 pro
1865 2139 2469 2206 fundamentalibus
2518 2139 2849 2228 lapidibus

753 2267 882 2310 non
923 2247 1088 2310 tales
1133 2251 1508 2334 ponantur3
1551 2249 1810 2332 tempus
1861 2267 2119 2332 quoque
2178 2245 2533 2332 unicuique
2578 2245 2847 2334 negotio

751 2371 1124 2436 congruum,
1221 2355 1452 2414 contra
1541 2349 1896 2436 Scripturae
1998 2349 2367 2414 doctrinam
2460 2355 2529 2414 et
2622 2371 2845 2414 rerum

749 2453 1112 2518 naturalem
1171 2453 1486 2532 ordinem,
1549 2475 1684 2518 non
1755 2451 2139 2532 tribuatur3
2202 2457 2269 2518 et
2346 2477 2385 2516 a
2444 2457 2715 2540 patrum
2774 2457 2843 2518 et

749 2555 1064 2640 majorum
1109 2557 1410 2644 vestigiis
1455 2561 1522 2622 et
1575 2555 2031 2622 conformitate
2094 2555 2489 2642 Regentium
2550 2557 2839 2622 Parisius

751 2659 1220 2748 Theologorum
1283 2659 1628 2724 manifeste
1703 2659 2057 2724 recedatur.
2154 2659 2331 2738 Quia
2402 2661 2613 2748 igitur
2674 2661 2837 2724 totis

751 2763 1126 2832 affectamus
1185 2763 1482 2832 caritatis
1541 2763 1920 2844 visceribuS,
1974 2763 2151 2850 quod
2212 2763 2455 2830 omnia
2512 2763 2589 2828 in
2646 2763 2835 2830 vobis
2866 2781 2887 2824 1
2920 2773 3033 2826 Cor.
3050 2775 3155 2826 xiv.

749 2865 1000 2934 honeste
1073 2875 1134 2934 et
1205 2867 1586 2934 secundum
1661 2865 1977 2932 ordinem
2032 2865 2241 2952 fiant,
2306 2869 2475 2934 sicut
2536 2867 2835 2954 praecipit
2862 2847 2941 2894 ‘²⁰'

749 2971 1118 3058 Apostolus,
1179 2979 1472 3038 vestram
1531 2971 1987 3036 discretionem
2064 2961 2241 3036 omni
2304 2993 2435 3058 qua
2496 2995 2841 3058 possumus

751 3075 1090 3140 affectione
1151 3079 1220 3140 et
1289 3075 1640 3140 devotione
1697 3097 2023 3162 rogamus,
2074 3097 2433 3156 monemus,
2494 3081 2565 3140 et
2608 3075 2839 3142 exhor-

749 3183 966 3242 tamur
1051 3179 1124 3242 in
1213 3177 1500 3242 Domino
1589 3175 1636 3242 J
1639 3201 1750 3242 esu
1841 3177 2121 3258 Christo,
2218 3179 2529 3264 quatinus
2620 3201 2841 3244 omnes

749 3281 1048 3346 lectiones
1109 3285 1346 3348 vestrae
1413 3281 1760 3348 ordinariae
1823 3281 1985 3346 hora
2042 3281 2307 3370 legendi
2362 3283 2699 3348 matutina
2758 3281 2839 3346 de

749 3385 938 3450 Novo
1013 3387 1148 3450 sint
1223 3385 1646 3452 Testamento
1705 3387 1814 3450 vel
1887 3385 2157 3468 Veteri3
2220 3391 2299 3452 ut
2372 3387 2519 3452 sitis
2594 3385 2835 3450 similes

751 3489 1342 3576 patribusfamilias,‚
1387 3489 1520 3554 imo
1579 3489 1802 3576 potius
1859 3491 1987 3578 ipsi
2044 3489 2569 3576 patresfamiliaS,
2608 3489 2833 3576 profe-
2860 3507 2911 3558 S.
2934 3511 3075 3560 Matt.

751 3597 962 3658 ‘rentes
1019 3591 1102 3658 de
1161 3591 1496 3658 thesauris
1555 3591 1794 3660 vestris
1851 3615 2031 3660 'nova
2092 3601 2151 3660 et
2212 3601 2449 3674 vetera,
2508 3615 2643 3658 non
2704 3593 2833 3658 alia
2854 3575 2965 3628 xm·
2992 3583 3069 3626 52·

753 3697 1046 3784 quaedam
1121 3699 1306 3762 velut
1377 3697 1612 3762 horum
1687 3699 1916 3778 media,
1998 3703 2115 3764 aut
2202 3697 2285 3762 ab
2372 3697 2833 3784 hagiographis

751 3801 1046 3888 patribus
1105 3801 1622 3888 superaedificata
1685 3801 2013 3882 doctrinae,
2078 3823 2355 3888 quorum
2418 3805 2517 3864 est
2574 3805 2833 3888 tempus

753 3905 930 3972 aliud
973 3905 1468 3972 convenientius
1513 3905 2149 3972 accommodandum.
2242 3903 2491 3970 Valete.

1565 4257 1580 4288 ²
1611 4257 1694 4322 ne]
1733 4257 1830 4316 vel,
1853 4255 2031 4306 CCC.
