3875 5734
1013 825 1142 892 316
1657 847 1951 898 ROBERTI
1998 847 2457 900 Gnossn‘rnsrn

1013 1027 1230 1090 vestra
1295 1023 1546 1110 aliquid
1613 1023 1700 1088 sit
1769 1023 2087 1088 insertum
2134 1023 2309 1110 quod
2374 1021 2583 1108 possit
2628 1023 2839 1086 videri
2884 1021 3099 1088 minus

1013 1127 1412 1206 rationabile,
1445 1127 1614 1192 illud
1657 1127 1920 1192 studeat
1962 1131 2181 1192 vestra
2226 1125 2525 1190 discretio
2562 1125 2857 1190 evidenti
2886 1147 3099 1190 neces-

1013 1231 1208 1296 sitate
1253 1229 1562 1296 rationis¹
1595 1251 1910 1296 excusare.
2006 1231 2241 1310 TertiO,
2274 1233 2355 1296 ut
2394 1229 2565 1314 siqui
2602 1229 2931 1294 mandatis
2964 1251 3103 1294 ves-

1011 1335 1132 1398 tris
1163 1333 1660 1400 rationabilibus
1703 1333 2127 1398 inveniantur
2162 1331 2447 1410 rebelleS,
2482 1331 2661 1416 prius
2692 1335 2925 1418 agatur
2956 1353 3099 1396 cum

1013 1437 1106 1500 eis
1151 1437 1400 1502 ratione
1445 1458 1640 1523 quam
1685 1441 2009 1524 potestate
2024 1461 2043 1518 ;
2088 1457 2233 1500 cum
2276 1439 2437 1500 tunc
2488 1419 2697 1522 primo
2750 1435 3101 1500 exserenda

1013 1541 1102 1604 sit
1131 1541 1232 1604 vis
1275 1541 1638 1626 potestatiS,
1667 1561 1814 1604 cum
1859 1539 2267 1604 adversarius
2310 1559 2447 1602 non
2476 1539 2767 1604 vincitur
2794 1537 2867 1602 vi
2902 1539 3101 1602 ratio-

1013 1643 1358 1710 cinationis
1373 1669 1390 1722 3
1451 1643 1572 1708 hoc
1641 1643 1814 1708 enim
1859 1643 2085 1708 ordine
2130 1647 2195 1706 et
2250 1641 2385 1728 ipse
2442 1641 2751 1706 Salvator
2792 1641 3099 1708 adversus

1013 1747 1454 1812 adversarium
1499 1747 1570 1810 in
1613 1749 1856 1810 nostrae
1901 1745 2325 1832 reparationis
2374 1767 2561 1830 opere
2604 1745 2929 1830 processit.

1103 1849 1266 1932 Haec
1305 1851 1404 1912 est
1435 1847 1642 1934 igitur
1685 1849 1770 1912 acl
1811 1869 2097 1932 praesens
2140 1847 2211 1910 in
2256 1847 2547 1932 generali
2592 1847 2803 1914 nostri
2850 1869 3099 1914 summa

1013 1951 1282 2030 consilii,
1343 1951 1652 2036 quatinus
1721 1971 1826 2014 eos
1891 1951 2005 2036 qui
2066 1951 2139 2014 in
2204 1951 2573 2016 coemeterio
2636 1951 2715 2016 de
2784 1951 3097 2018 Pinoebec

1013 2055 1084 2136 in
1127 2059 1378 2118 vestros
1421 2053 1694 2118 nuncios
1739 2075 1969 2118 manus
2028 2059 2273 2120 temere
2332 2055 2657 2122 violentas
2716 2055 3093 2142 injecerunt,

1013 2157 1270 2244 publice
1343 2177 1418 2220 ac
1505 2157 1862 2222 solenniter
1950 2157 2329 2222 denunciari
2400 2157 2655 2224 faciatis
2730 2181 3097 2224 excommu-

1013 2261 1258 2324 nicatos
1273 2283 1290 2340 3
1361 2259 1724 2346 specialiter
1799 2265 2021 2324 autem
2086 2261 2159 2324 in
2220 2261 2343 2326 hoc
2386 2261 2649 2348 negotio
2694 2261 2883 2326 vobis
2946 2283 3093 2328 oon-

675 2379 698 2404 a
721 2369 894 2420 Simon
925 2371 990 2422 de
1013 2365 1300 2442 sulimus,
1349 2363 1658 2448 quatinus
1721 2385 1872 2430 cum
1913 2365 2091 2452 prior
2110 2379 2139 2412 a
2184 2363 2265 2430 de
2314 2363 2633 2452 Spalding
2676 2369 2745 2430 et
2788 2365 3097 2454 magister

677 2437 866 2488 Haute-

679 2505 848 2570 burge.

679 3601 874 3716 {Cocles
893 3603 966 3654 vii

1013 2467 1378 2532 Bernardus
1467 2467 1552 2532 ad.
1641 2471 1924 2532 vestram
2016 2469 2399 2534 accesserint
2482 2469 2913 2554 praesentiam,
2988 2491 3095 2534 eos

1011 2593 1356 2658 eorumque
1401 2571 1746 2658 privilegia
1811 2577 1880 2636 et
1944 2593 2139 2658 super
2178 2571 2369 2638 factis
2430 2571 2559 2636 sibi
2622 2571 2945 2658 impositis
2996 2595 3095 2638 re-

1013 2673 1386 2760 sponsiones
1443 2673 1890 2740 favorabiliter
1948 2673 2249 2752 audiatis,
2316 2679 2385 2740 et
2444 2695 2553 2740 eos
2618 2675 3095 2740 rationabiliter

1013 2777 1460 2866 pertractetis3
1551 2799 1698 2844 cum
1775 2797 1965 2842 nemo
2040 2779 2131 2842 sit
2204 2775 2735 2842 condemnandus
2808 2777 3097 2844 adversae

1013 2883 1234 2968 partis,
1301 2931 1304 2934 -
1343 2887 1922 2966 quantumcunque
2016 2879 2391 2947 rationabili
2494 2881 2865 2960 assertione,
2970 2879 3095 2944 nisi

1011 2985 1240 3048 audita
1301 2985 1484 3070 prius
1549 2985 1756 3072 ipsius
1823 2983 2227 3064 defensione3
2296 3003 2571 3068 cumque
2638 2981 2813 3048 dicta
2856 2983 3097 3048 vicaria

1013 3088 1366 3152 multarum
1425 3087 1664 3154 habeat
1709 3109 1928 3152 curam
1974 3087 2355 3168 animarum,
2402 3093 2471 3150 et
2514 3093 2655 3150 tam
2700 3087 2781 3152 de
2826 3085 3093 3152 necessi-

1013 3195 1150 3256 tate
1195 3191 1426 3256 salutis
1471 3213 1696 3254 earum
1739 3213 1934 3276 quam
1996 3189 2075 3252 de
2126 3189 2277 3276 jure
2334 3189 2625 3276 requirat
2666 3189 2983 3256 vicarium
3022 3189 3095 3252 in

1013 3317 1088 3360 ea
1133 3295 1440 3360 continue
1483 3293 1904 3380 personaliter
1948 3291 2375 3374 residentem3
2418 3293 2751 3380 possitque
2796 3291 3095 3358 dominus

1013 3397 1194 3484 Papa
1267 3395 1610 3484 providere
1685 3397 1920 3482 quibus
1996 3395 2277 3462 voluerit
2370 3397 2439 3462 in
2514 3397 2805 3462 rectoriis
2880 3419 3093 3462 curam

1011 3500 1206 3564 talem
1253 3521 1390 3564 non
1433 3499 1842 3576 habentibus,
1903 3503 2167 3586 propter
2208 3499 2415 3586 ipsius
2460 3505 2527 3566 et
2568 3501 2773 3564 vestri
2814 3499 3093 3564 nominis

1009 3603 1250 3666 famam
1309 3603 1820 3668 conservandam
1885 3603 2173 3680 illaesam,
2220 3623 2381 3668 cum
2422 3603 2671 3668 ‘melius
2714 3601 2807 3668 sit
2850 3623 3095 3668 ‘nomen

1011 3705 1268 3772 bonum
1319 3725 1530 3792 quam
1573 3711 1930 3790 unquamne
1980 3705 2297 3792 pretiosa,
2346 3705 2741 3772 consulimus
2786 3707 3093 3792 quatinus
3188 3709 3195 3720 ”

1009 3813 1412 3876 reservantes
1457 3807 1830 3874 collationi2
1877 3809 2127 3874 domini
2176 3807 2379 3896 Papae
2436 3809 2721 3896 aliquam
2768 3809 3091 3876 ecclesiam

1011 3915 1090 3978 de
1135 3917 1492 4002 patronatu
1535 3913 1696 3978 dicti
1739 3913 1991 4002 prioris„
2024 3913 2421 4000 permittatis
2466 3913 2679 3978 eidem
2722 3913 2809 3978 ad
2854 3913 3091 3978 dictam

1009 4017 1320 4082 vicariam
1381 4017 1688 4082 idoneum
1757 4023 2161 4104 praesentare.
2252 4017 2387 4080 Vos
2452 4017 2719 4104 insuper
2760 4017 3093 4084 humiliter

1013 4125 1080 4186 et
1125 4119 1358 4186 devote
1403 4143 1724 4206 rogamus,
1773 4121 2085 4206 quatinus
2148 4119 2517 4186 relaxantes
2572 4121 2761 4186 nobis
2802 4121 2889 4186 ad
2930 4143 3093 4208 prae—

1013 4245 1158 4288 sens
1233 4223 1392 4288 dicti
1473 4223 1708 4308 prioris
1797 4227 1866 4288 et
1952 4221 2251 4308 magistri
2326 4221 2643 4288 Bernardi
2716 4225 3093 4288 citationem

1013 4325 1318 4390 veniendi
1379 4323 1464 4388 ad
1505 4347 1626 4392 vos
1687 4323 1858 4390 infra
1919 4323 2141 4392 decem
2208 4323 2345 4390 dies
2410 4331 2559 4410 post
2602 4331 2893 4390 nostram
2934 4327 3091 4392 cita-

1013 4429 1274 4506 tionem,
1347 4449 1496 4494 cum
1559 4431 1826 4514 propter
1891 4427 2143 4514 aliquas
2208 4427 2517 4514 speciales
2580 4429 2887 4510 rationeS,
2934 4449 3091 4512 quas

1077 4769 1092 4800 ¹
1127 4733 1352 4836 rationis]
1387 4785 1484 4818 om„
1509 4767 1690 4820 C.C.c.
2044 4773 2055 4836 Ι
2164 4769 2185 4798 ²
2214 4765 2483 4832 collationi]
2522 4765 2849 4826 collationem,
2874 4763 3053 4816 (2012.
