3875 5734
1591 813 1947 862 EPISTOLAE.
2682 797 2805 858 361

723 981 1112 1048 reflectitur¹
1223 1005 1306 1048 ex
1393 985 1692 1072 specul03
1781 991 1850 1050 et
1925 985 2489 1072 quemadmodum,
2568 987 2815 1046 remoto

723 1083 1106 1174 interposito
1169 1083 1460 1166 obscuro,
1523 1085 1748 1152 radius
1809 1087 2037 1152 solaris
2096 1087 2343 1152 directe
2402 1085 2697 1152 incidens
2740 1083 2815 1148 in

721 1191 860 1254 loca
923 1187 1008 1252 ad
1077 1209 1224 1274 quae
1283 1187 1468 1274 prius
1533 1187 1776 1254 directe
1841 1209 1979 1252 non
2044 1189 2265 1274 potuit
2322 1189 2621 1264 incidere,
2702 1187 2815 1252 sed

725 1293 932 1358 solum
1001 1313 1118 1378 per
1175 1291 1598 1356 reflexionem
1661 1313 1704 1356 a
1775 1291 2037 1376 speculo
2112 1289 2199 1356 ad
2272 1313 2349 1356 ea
2424 1291 2817 1356 illustranda

721 1395 1084 1482 pertingere
1157 1395 1270 1458 illa
1343 1395 1502 1472 loca,
1563 1393 1971 1482 splendidius
2038 1395 2329 1458 illustrat
2394 1395 2637 1458 directa
2710 1395 2813 1458 sui

723 1499 1080 1564 incidencia
1145 1519 1344 1584 quam
1405 1497 1900 1562 illustrarentur
1944 1497 2317 1562 reflectione
2362 1497 2499 1560 sola
2520 1497 2547 1532 2
2590 1521 2631 1560 a
2676 1521 2817 1584 spe-

723 1601 862 1668 culo
903 1601 1078 1668 facta
1107 1625 1120 1680 3
1169 1601 1316 1686 (nec
1361 1599 1676 1666 directam
1721 1599 1900 1664 enim
1944 1599 2443 1666 irradiationem
2472 1599 2651 1664 tollit
2698 1605 2815 1664 aut

725 1705 966 1770 minuit
1031 1701 1316 1770 radiatio
1379 1703 1626 1770 reflexa
1653 1705 1694 1788 3)
1773 1703 1866 1768 sic
1909 1703 2223 1790 praelatus
2292 1703 2505 1770 bonus
2550 1703 2817 1768 remotis

721 1807 1000 1872 aliarum
1063 1807 1568 1892 occupationum
1641 1807 2259 1892 interpositionibus
2320 1811 2589 1896 propter
2658 1829 2817 1892 quas

725 1933 854 1976 non
917 1911 1142 1998 potuit
1207 1911 1568 1994 aliquando
1631 1909 1704 1974 in
1765 1911 2097 1996 aliquibus
2156 1911 2283 1976 sibi
2328 1911 2613 1976 subditis
2682 1933 2817 1976 suae

721 2013 1064 2100 potestatis
1109 2013 1746 2078 administrationem
1805 2037 1922 2100 per
1992 2015 2275 2102 seipsum
2342 2035 2657 2092 exercere,
2704 2015 2817 2080 sed

719 2139 834 2202 per
875 2117 1036 2182 alios
1079 2115 1322 2202 quibus
1365 2117 1448 2184 de
1493 2139 1612 2182 sua
1687 2121 2015 2204 potestate
2090 2123 2229 2184 erat
2302 2119 2427 2184 hoc
2468 2119 2813 2198 traditum,

719 2221 854 2306 ipse
895 2241 1012 2304 per
1055 2241 1124 2282 se
1197 2219 1270 2282 in
1339 2219 1586 2286 eisdem
1645 2219 1930 2306 propriae
1992 2221 2343 2304 potestatis
2388 2219 2811 2286 administra-

719 2323 898 2388 tione
925 2319 1208 2408 propria,
1239 2321 1750 2388 illustrationem
1781 2325 2091 2406 operatur
2118 2323 2373 2400 erroris,
2406 2323 2813 2406 ignorantiae,

721 2429 916 2510 atque
959 2425 1212 2510 peccati
1253 2427 1562 2490 tenebras
1605 2425 1842 2490 fortius
1901 2429 1971 2490 et
2044 2423 2361 2490 efficacius
2418 2431 2815 2512 purgantem

719 2527 1148 2604 inferioribus
1183 2529 1298 2612 qui
1347 2527 1428 2592 de
1473 2549 1594 2592 sua
1635 2531 2021 2614 receperunt
2066 2531 2395 2614 potestate
2440 2527 2817 2613 hujusmodi

719 2631 1066 2718 superioris
1129 2631 1592 2716 operationem,
1667 2653 1806 2696 non
1869 2629 2343 2696 rebellantibus
2390 2651 2511 2694 nec
2556 2651 2697 2694 eam
2742 2631 2817 2694 in

719 2755 1042 2820 quoquam
1071 2733 1586 2820 impedientibus
1631 2739 1748 2798 aut
1779 2733 2345 2798 imminuentibuS.
2430 2733 2607 2812 Quid
2638 2731 2815 2798 enim

719 2835 1186 2902 monstruosius
1227 2859 1428 2922 quam
1455 2834 1634 2900 idem
1683 2837 1810 2902 sibi
1857 2835 1983 2922 ipsi
2016 2835 2333 2900 rebellare
2388 2841 2457 2900 et
2484 2859 2553 2900 se
2596 2835 2815 2922 ipsum

721 2941 1032 3028 impedire
1079 2941 1186 3004 vel
1229 2939 1618 3006 imminuere
1663 2945 1784 3004 aut
1829 2941 2031 3004 etiam
2094 2939 2175 3004 de
2236 2939 2453 3004 medio
2520 2939 2815 3004 auferre?

723 3043 892 3130 quod
951 3043 1382 3130 proculdubio
1445 3043 1528 3108 fit
1603 3063 1750 3108 cum
1793 3041 2067 3108 inferior
2108 3047 2407 3128 potestas
2466 3043 2817 3128 superioris

719 3147 1030 3232 potestati
1069 3147 1466 3212 contradicit
1495 3151 1616 3212 aut
1649 3169 1794 3210 eam
1823 3147 2169 3212 adnullare
2210 3145 2553 3210 contendit
2570 3147 2613 3226 3,
2648 3169 2815 3226 cum,

719 3255 798 3316 ut
825 3251 1274 3338 supradictum
1303 3255 1428 3330 est,
1457 3249 1602 3336 ipsa
1627 3249 1959 3314 inferioris
1992 3255 2283 3336 potestas
2328 3249 2495 3314 nihil
2544 3255 2643 3316 est
2688 3251 2817 3316 nisi

723 3355 1086 3440 superioris
1193 3353 1522 3420 Praeterea
1589 3375 1742 3418 cum
1789 3353 2061 3420 inferior
2110 3359 2403 3440 potestas
2478 3355 2819 3420 contendit

721 3457 1114 3544 superiorem
1177 3459 1568 3522 imminuere
1629 3461 1750 3522 aut
1811 3457 2061 3540 tollere,
2106 3479 2255 3522 cum
2298 3457 2445 3544 ipsa
2506 3457 2679 3522 nihil
2728 3459 2817 3522 sit

721 3561 848 3624 nisi
877 3561 958 3626 de
987 3561 1336 3648 superiore,
1367 3559 1532 3644 quid
1563 3559 1746 3626 aliud
1777 3561 1943 3626 facit
1986 3581 2187 3644 quam
2214 3561 2609 3626 insanientis
2638 3581 2817 3626 more

721 3663 994 3750 seipsam
1039 3669 1316 3730 conatur
1369 3663 1758 3728 detruncare
1805 3667 1926 3728 aut
1970 3663 2355 3750 perimere43
2448 3663 2817 3728 Imminuta

719 3773 940 3834 autem
981 3771 1104 3832 aut
1133 3767 1458 3832 desiccata
1485 3765 1686 3832 fontis
1715 3767 2137 3854 scaturigine,
2180 3789 2439 3832 necesse
2484 3773 2583 3834 est
2614 3767 2815 3832 etiam

721 3871 938 3934 rivum
987 3869 1296 3946 imminui
1337 3873 1458 3932 aut
1519 3869 1842 3936 desiccari.
1970 3869 2199 3936 Potest
2244 3869 2455 3954 igitur
2522 3869 2817 3956 superior
2838 3873 2999 3954 What
3020 3875 3103 3928 the

719 3977 1004 4060 potestas
1049 3973 1362 4060 quicquid
1407 3979 1626 4060 potest
1671 3977 1963 4060 potestas
2008 3973 2137 4038 sibi
2168 3973 2503 4060 subjecta3
2538 3973 2653 4038 sed
2682 3995 2817 4038 non
2838 3943 3051 3994 infenor

2876 4027 3009 4062 owel·
3030 4029 3123 4062 can

719 4077 1120 4142 convertitur
1139 4075 1210 4158 5;
1301 4077 1398 4142 ait
1445 4077 1640 4158 enim,
1685 4081 1766 4142 ut
1819 4099 2019 4164 supra
2088 4077 2343 4142 dictum
2412 4083 2529 4156 est,
2594 4075 2813 4164 Aufc-
2838 4025 2907 4128 ἕο
2928 4079 3015 4128 the
3036 4095 3119 4130 ⁸¹1·

725 4201 882 4246 ‘ram
965 4179 1046 4246 dc
1119 4179 1388 4266 spicam
1461 4185 1598 4258 tac,
1677 4179 2077 4266 tradamque
2152 4179 2263 4258 eis,
2340 4185 2411 4244 et
2484 4201 2623 4244 non
2694 4181 2811 4262 ait,
2836 4159 3053 4262 {3¹23
3050 4163 3151 4266 {¹1¹2ss

2838 4285 3087 4346 contrary.

795 4543 806 4572 ¹
841 4541 1136 4608 reflectitur]
1175 4543 1412 4604 reficitur,
1441 4543 1586 4594 Trin.
1859 4543 1878 4572 ⁴
1883 4543 2151 4608 perimere]
2168 4543 2433 4608 pertinere,
2448 4543 2817 4606 Trin.‚c.c.c.;

791 4623 812 4652 ²
841 4621 974 4690 sola]
1011 4639 1116 4686 sua,
1139 4623 1284 4674 Trin.
1823 4625 2081 4674 corrected
2100 4623 2159 4674 in
2184 4623 2283 4676 Ox.
2304 4625 2379 4690 by
2402 4623 2705 4690 Gascoigne.

797 4707 818 4734 ⁸
843 4703 1106 4772 contendit]
1145 4701 1374 4766 intendit,
1397 4701 1544 4756 Trin.
1855 4707 1876 4738 ⁵
1907 4705 2223 4770 convertitur]
2262 4705 2555 4764 convertite,
2574 4703 2753 4758 C.C.C.
