3875 5734
1065 773 1198 846 376
1717 795 2011 846 ROBERTI
2058 795 2515 846 eRossETEsTE

1067 971 1286 1038 tulum
1331 973 1532 1038 alium
1595 993 1730 1038 non
1787 969 2031 1038 habeat
2094 971 2523 1050 visitatorem,
2580 981 2851 1060 excepto
2898 973 3157 1040 domino

1069 1075 1252 1164 Papa
1315 1081 1382 1142 et
1443 1077 1941 1164 archiepiscop0‚
2000 1077 2057 1144 si
2116 1083 2341 1142 tamen
2400 1077 2485 1140 ad
2544 1075 2761 1162 ipsum
2830 1077 3157 1164 pertineat

1069 1179 1444 1266 hujusmodi
1537 1179 1872 1246 visitatio:
1964 1179 2241 1246 decanus
2332 1201 2613 1266 namque
2688 1179 2905 1266 ipsum
2988 1179 3154 1266 capi-

1071 1283 1286 1350 tulum
1359 1271 1630 1350 visitare
1703 1305 1836 1350 non
1903 1287 2163 1370 potest3
2238 1281 2517 1350 verbum
2590 1281 2767 1348 enim
2834 1281 3109 1350 visitare
3132 1279 3151 1318 ¹

1073 1389 1350 1454 verbum
1417 1393 1516 1452 est
1583 1387 2143 1474 frequentativum
2166 1387 2237 1468 ²3
2284 1387 2725 1472 frequentatio
2780 1391 3003 1452 autem
3060 1391 3159 1452 est

1071 1513 1208 1554 non
1295 1491 1490 1556 unius
1589 1495 1772 1556 actus
1797 1491 1822 1528 ³
1925 1491 2349 1566 continuatio,
2428 1489 2541 1554 sed
2616 1495 2801 1554 actus
2866 1489 3153 1554 intercisi

741 1617 852 1668 The
873 1617 1014 1668 diffe-
1073 1593 1510 1680 multiplicata
1583 1593 1900 1680 repetitio,
2038 1593 2337 1658 Pastores
2412 1599 2635 1656 autem
2722 1591 3005 1680 proximi
3092 1599 3159 1656 et

739 1701 902 1802 &¹223
911 1687 1050 1800 ἷζον
1073 1697 1438 1762 immediati
1505 1701 1662 1762 sunt
1721 1695 2019 1760 continui
2076 1695 2293 1782 gregis
2358 1695 2649 1776 visores;
2712 1701 2979 1782 propter
3040 1695 3159 1762 hoc

739 1821 842 1870 and
863 1819 978 1870 visi-
1073 1801 1250 1866 enim
1295 1799 1598 1867 continue
1643 1799 1947 1876 resident,
1982 1803 2061 1864 ut
2102 1821 2367 1886 gregem
2414 1797 2725 1866 continue
2768 1797 3041 1864 videant
3090 1805 3159 1866 et

743 1893 884 1938 tator.
1073 1903 1408 1968 continue·
1443 1907 1714 1988 pascant
1781 1905 1848 1966 et
1917 1905 2161 1966 curent.
2252 1901 2473 1986 Igitur
2544 1903 2847 1968 continue
2922 1905 3159 1968 visores

1073 2007 1286 2094 gregis
1361 2011 1532 2084 sunt,
1625 2025 1760 2070 non
1831 2005 2223 2072 visitatores.
2362 2005 2721 2092 Episcopus
2810 2029 2979 2086 ver0,
3056 2007 3157 2072 cui

1073 2109 1512 2176 committitur
1597 2131 1750 2172 cura
1821 2109 2115 2172 omnium
2196 2109 2567 2172 animarum
2634 2109 2847 2172 totius
2922 2109 3153 2196 episco-

1073 2217 1290 2300 patuS,
1373 2215 1640 2298 propter
1705 2211 2203 2276 multitudinem
2292 2211 2513 2278 ovium
2584 2217 2653 2276 et
2736 2211 3157 2278 latitudinem

1073 2313 1508 2380 habitationis
1581 2337 1808 2380 earum
1871 2337 2127 2382 necesse
2208 2313 2433 2394 habet,
2510 2315 2667 2400 quia
2740 2319 2967 2402 pastor
3040 2319 3153 2396 est,

1073 2417 1298 2484 ovium
1345 2439 1568 2482 omnes
1629 2417 1852 2482 videre
1885 2441 1902 2496 ;
1964 2421 2033 2484 et
2084 2419 2241 2502 quia
2286 2439 2419 2504 prae
2464 2439 2691 2484 earum
2734 2419 3155 2484 multitudine

1073 2527 1140 2588 et
1199 2521 1648 2586 habitationis*
1687 2543 1910 2586 earum
1962 2521 2315 2586 latitudine
2366 2541 2503 2588 non
2562 2525 2779 2608 potest
2838 2523 3029 2586 simul
3088 2525 3155 2588 et

1073 2625 1380 2692 continue
1439 2645 1662 2690 omnes
1721 2625 1967 2706 videre,
2012 2647 2271 2690 necesse
2318 2631 2419 2690 est
2460 2631 2541 2688 ut
2584 2647 2759 2690 nunc
2822 2625 2937 2690 has
2982 2647 3155 2690 nunc

1071 2729 1218 2796 illas
1259 2729 1500 2808 videat,
1549 2733 1618 2794 et
1675 2729 1910 2794 harum
1962 2729 2277 2794 visionem
2336 2749 2451 2814 per
2508 2727 2785 2794 aliarum
2842 2727 3155 2794 visionem

1073 2833 1530 2918 interrumpat,
1579 2839 1646 2898 et
1707 2833 2107 2918 interruptas
2152 2831 2437 2896 visiones
2480 2829 2857 2916 frequenter
2884 2835 3155 2918 repetat,

1075 2941 1144 3002 et
1187 2937 1278 3000 sic
1323 2957 1544 3000 omnes
1607 2935 1850 3000 visitet.
1970 2935 2283 3020 Alioquin
2340 2933 2679 3000 habebunt
2754 2935 2961 3000 solum
3006 2955 3151 3000 con-

743 3055 854 3106 The
873 3057 1016 3120 dean,
1075 3039 1296 3106 tinuos
1369 3039 1630 3116 visores,
1697 3059 2037 3122 nunquam
2098 3043 2323 3102 autem
2356 3039 2785 3102 visitatorem.
2852 3039 3151 3102 Decanus

739 3123 1050 3242 Klgpdzlswffls
1073 3143 1316 3228 itaque,
1379 3141 1494 3228 qui
1555 3163 1774 3208 curam
1835 3141 2287 3206 immediatam
2352 3141 2555 3206 habet
2614 3141 2899 3228 capituli,
2962 3145 3027 3206 et
3070 3141 3153 3204 ad

741 3255 830 3308 the
851 3259 1016 3310 cathe-
1075 3247 1452 3312 continuam
1503 3251 1766 3312 tenetur
1825 3245 1896 3310 in
1956 3244 2217 3310 ecclesia
2292 3243 2649 3310 cathedrali
2718 3243 3149 3322 residentiam,

739 3325 1052 3402 dragcannot
1075 3371 1210 3414 non
1275 3347 1520 3436 poterit
1595 3347 1882 3436 ejusdem
1960 3371 2093 3414 esse
2166 3347 2513 3430 visitator3
2582 3347 2881 3414 similiter
2946 3369 3151 3434 neque

737 3459 928 3514 visitor.
1075 3453 1454 3520 clericorum
1497 3453 1694 3532 chori,
1739 3453 1878 3518 sive
1921 3453 2163 3516 habeat
2210 3475 2431 3518 eorum
2482 3475 2703 3516 curam
2748 3453 3149 3538 pastoralem,

1073 3557 1212 3620 sive
1253 3577 1400 3620 non.
1523 3555 1598 3622 Si
1643 3555 1818 3618 enim
1861 3555 2103 3620 habeat
2148 3577 2369 3620 eorum
2430 3579 2651 3642 curam
2696 3555 3147 3642 supradictam,

1071 3659 1328 3726 ratione
1395 3679 1618 3724 eorum
1685 3657 1989 3724 visitator
2050 3679 2183 3722 non
2236 3663 2351 3724 est.
2472 3657 2547 3724 Si
2588 3681 2745 3724 vero
2790 3659 3147 3724 animarum

1073 3783 1296 3828 earum
1341 3783 1562 3826 curam
1607 3783 1740 3828 non
1783 3761 2003 3842 habet,
2064 3767 2225 3828 tunc
2286 3785 2417 3828 non
2462 3769 2619 3828 sunt
2678 3763 2817 3848 ejus
2862 3785 3031 3840 oveS,
3076 3785 3149 3828 ac

1071 3889 1186 3954 per
1259 3865 1380 3930 hoc
1453 3887 1664 3950 neque
1751 3867 1838 3930 ad
1909 3865 2097 3930 illum
2170 3867 2459 3952 pertinet
2550 3887 2769 3930 earum
2842 3867 3145 3932 visitatio,

1073 3969 1234 4050 Quis
1295 3969 1468 4032 enim
1513 3991 1650 4032 non
1695 3991 1842 4034 suas
1903 3991 2055 4034 oves
2116 3969 2363 4046 visitat,
2426 3969 2553 4034 nisi
2606 3969 2773 4036 forte
2818 3971 3149 4036 commissa

1069 4071 1270 4136 fuerit
1337 4071 1394 4136 ei
1441 4071 1526 4138 ab
1595 4093 1688 4150 e0,
1739 4071 1924 4158 cujus
1984 4077 2139 4138 sunt
2196 4071 2489 4160 propriae,
2554 4095 2775 4138 earum
2818 4073 3149 4140 visitatio?

1073 4175 1236 4256 Quis
1297 4179 1520 4242 autem
1579 4175 1818 4242 habeat
1877 4199 2097 4242 euram
2158 4175 2521 4242 animarum
2574 4177 3019 4244 immediatam
3068 4179 3147 4242 de

1071 4279 1502 4364 dignitatibus
1593 4285 1662 4344 et
1749 4279 2113 4366 praebendis
2226 4283 2295 4344 et
2398 4301 2755 4360 communa,
2864 4281 3147 4366 exceptis

1071 4381 1346 4460 vicariiS,
1409 4405 1546 4446 non
1607 4381 1766 4448 satis
1823 4383 2147 4468 liquidum
2208 4403 2345 4446 esse
2412 4383 2693 4448 videtur,
2786 4381 3143 4448 Canonicus

1067 4541 1142 4546 -...-
1385 4539 1568 4546 -———-.----
1577 4541 1612 4546 --
1623 4541 1628 4544 -
1645 4541 1652 4544 -
1673 4541 1676 4544 ·
1727 4541 1732 4544 -
1743 4541 1746 4544 ·
1759 4541 1764 4544 -
1956 4541 1959 4544 ·
1986 4541 1989 4544 ·
2002 4541 2031 4546 ---
2046 4543 2083 4546 .-.
2102 4543 2105 4546 .
2130 4541 2281 4546 ..-.---.—..
2288 4537 2569 4546 ..-....,.-...,.-.-..,.—
2580 4539 2703 4546 ..-——..,-
2712 4541 2835 4546 -.---..---
2852 4539 2969 4544 -.-..-..-.-
2982 4539 3005 4544 ..-
3014 4539 3075 4542 —.-
3086 4539 3091 4542 .
3108 4539 3111 4542 .

1137 4623 1152 4652 ¹
1189 4623 1412 4688 visitare]
1451 4623 1700 4686 visitandi,
1721 4623 1922 4686 C.C.C.,
1944 4623 2043 4674 ΟΧ.
2158 4623 2351 4686 C.C.C.,
2376 4623 2475 4674 Ox.

1133 4703 1158 4734 ²
1173 4705 1608 4772 frequentativum]
1629 4703 2057 4768 frequentantium,
2222 4705 2243 4734 ³
2274 4703 2439 4770 actus]
2478 4719 2573 4756 om.
2598 4701 2739 4752 Trin.
