3875 5734
751 1637 944 1686 EccluS.

751 1701 930 1754 xxviii.
953 1707 1034 1754 28.

755 3495 774 3538 1
803 3489 916 3542 Cor.
941 3491 996 3542 ii.

753 3561 826 3608 11.

739 4119 764 4144 ⁸
791 4107 1028 4166 Nicholas

751 4179 812 4228 de
833 4179 946 4246 Ely.

1073 809 1202 876 312
1711 821 2003 874 ROBERTI
2050 821 2503 874 saossnrnsrss

1073 1003 1336 1070 clericus
1379 1005 1604 1068 noster
1649 1001 1728 1068 de
1773 1003 1987 1068 verbis
2016 1003 2251 1068 vestris
2296 1003 2673 1088 conceperit,
2718 1001 2971 1068 credere
3012 1023 3143 1068 non

1073 1129 1430 1194 possumuS,
1479 1107 1656 1192 quod
1695 1111 1932 1172 vestrae
1978 1107 2269 1172 caritatis
2310 1105 2643 1170 sinceritas
2688 1125 2841 1190 erga
2882 1127 2999 1170 nos
3060 1105 3147 1170 sit

1075 1209 1428 1274 immutata
1439 1235 1454 1288 ;
1519 1211 1884 1296 praesertim
1948 1231 2113 1290 cum,
2176 1211 2247 1272 in
2310 1213 2631 1294 quantum
2696 1209 2901 1272 dictat
2960 1209 3143 1272 nobis

1075 1315 1304 1378 nostra
1345 1313 1752 1392 conscientia,
1817 1335 1951 1378 non
2016 1311 2433 1380 meruerimus
2484 1333 2629 1374 eam
2674 1333 2825 1398 erga
2868 1331 2985 1376 nos
3026 1311 3143 1374 im-

1079 1417 1352 1496 mutari3
1421 1417 1820 1504 sciamusque
1889 1417 2063 1500 quod
2114 1421 2347 1482 vestrae
2414 1413 2783 1480 sanctitatis
2850 1413 3143 1480 discretio

1077 1541 1214 1584 non
1253 1519 1532 1584 libenter
1571 1521 1760 1584 audit
1799 1521 2053 1604 linguas
2100 1519 2523 1596 detrahentes,
2570 1539 2687 1582 nec
2730 1515 2915 1582 facile
2946 1517 3145 1582 credit

1079 1623 1514 1710 malignorum
1557 1623 1866 1702 susurris3
1935 1623 2049 1686 sed
2112 1621 2283 1708 sepit
2348 1643 2547 1686 aures
2590 1641 2751 1686 suas
2796 1617 3021 1706 spinule
3060 1641 3143 1686 110

1079 1727 1308 1792 audiat
1383 1725 1760 1812 sanguinem
1833 1725 2279 1792 detractionis:
2352 1729 2421 1788 et
2472 1723 2733 1788 vultum
2800 1725 3145 1810 praetendit

1079 1829 1352 1908 tristem,
1441 1833 1520 1892 ut
1609 1827 1941 1894 audaciam
2034 1827 2351 1894 deterreat
2426 1827 2803 1892 susurronis,
2896 1827 3141 1892 Scimus

1079 1933 1280 1998 etiam
1323 1929 1496 2016 quod
1541 1935 1762 1996 vestra
1825 1931 1985 1996 satis
2046 1931 2233 1996 novit
2292 1929 2611 2010 discretim
2658 1951 2777 1996 nos
2838 1929 3143 2016 plurimos

1079 2033 1406 2098 offendere
1449 2033 1564 2118 qui
1625 2033 1922 2098 omnibus
1984 2037 2331 2120 procurant
2376 2031 2679 2098 versutiis
2742 2037 2811 2098 et
2870 2033 3139 2112 astutiis

1079 2141 1158 2202 ut
1197 2157 1316 2222 per
1357 2157 1424 2202 00
1467 2133 1574 2202 vel
1617 2159 1732 2224 per
1775 2135 2159 2202 mediatores
2202 2137 2275 2202 in
2318 2159 2505 2202 aures
2548 2141 2797 2202 vestras
2842 2135 2919 2202 de
2960 2137 3143 2202 nobis

1077 2239 1400 2304 instillent
1473 2239 1766 2320 sinistra3
1841 2243 1918 2304 ut
1986 2241 2073 2304 sic
2136 2239 2469 2304 obfuscata
2536 2261 2689 2328 erga
2748 2261 2867 2306 nos
2928 2246 3143 2306 vestra

1077 2341 1436 2418 dilectione,
1481 2363 1556 2406 ac
1601 2363 1716 2430 per
1759 2343 1880 2406 hoc
1919 2341 2111 2408 nobis
2154 2343 2427 2430 privatis
2472 2347 2691 2406 vestra
2734 2343 3139 2430 protectione,

1075 2445 1204 2532 ipsi
1255 2445 1522 2512 liberius
1565 2445 1830 2510 valeant
1893 2445 1965 2510 in
2028 2467 2145 2510 nos
2210 2445 2543 2532 insurgere
2606 2449 2673 2512 et
2732 2445 3027 2510 licentius
3070 2447 3141 2510 in

1075 2551 1208 2614 suis
1237 2549 1424 2614 vitiis
1467 2547 1838 2616 sordescere.
1933 2547 2271 2628 Quomodo
2314 2549 2535 2634 igitur,
2568 2547 2671 2612 his
2714 2547 3137 2628 consideratis

1075 2673 1408 2738 possemus
1449 2653 1700 2718 credere
1745 2655 1981 2718 vestrae
2028 2651 2391 2718 dilectionis
2424 2653 2687 2718 vultum
2730 2653 3141 2718 immutatum

1079 2759 1250 2820 esse?
1337 2755 1628 2820 Maxime
1671 2777 1814 2820 cum
1869 2757 2145 2820 sciamus
2206 2775 2323 2820 vos
2390 2759 2529 2820 tam
2592 2759 2731 2820 arte
2796 2775 2987 2838 quain
3030 2775 3141 2818 ex·-

1079 2859 1396 2944 perientia
1453 2881 1642 2924 nosse
1703 2857 1957 2924 nullum
2020 2859 2103 2922 ab
2168 2863 2531 2924 accusatore
2576 2859 2949 2944 cujusquam
3004 2879 3141 2944 per·

1079 2961 1334 3024 suaderi
1379 2961 1628 3040 debere,
1673 2983 1806 3026 non
1847 2961 2073 3026 audita
2116 2961 2291 3048 prius
2322 2961 2595 3024 adversa
2622 2965 2821 3048 parte.
2908 2961 3143 3046 Tetigit

1079 3069 1300 3128 autem
1373 3063 1586 3128 dictus
1661 3063 1922 3130 clericus
1996 3069 2217 3128 noster
2276 3063 2451 3150 quod
2526 3063 2817 3128 misimus
2888 3063 2973 3128 ad
3030 3085 3143 3126 vos

1079 3165 1482 3252 aliquotiens,
1529 3167 1716 3234 vobis
1777 3173 1997 3234 tamen
2058 3189 2189 3234 non
2258 3167 2625 3246 scribentes,
2690 3171 3003 3252 tanquam
3062 3187 3141 3232 ex

1083 3271 1284 3336 vestri
1325 3275 1704 3354 contemptu
1749 3269 1868 3336 hoc
1909 3273 2549 3356 praesumpsissemus.
2642 3269 2745 3336 De
2772 3273 3141 3356 contemptu

1077 3377 1298 3438 autem
1343 3379 1574 3438 vestrae
1619 3373 2055 3460 paternitatiS,
2108 3397 2319 3438 coram
2368 3373 2509 3438 Deo
2570 3379 2643 3438 et.
2704 3373 2945 3458 angelis
3006 3371 3141 3456 ejus

1075 3497 1196 3540 nos
1265 3497 1658 3554 excusamUS,
1713 3481 1780 3540 et
1829 3475 2183 3540 secundum
2244 3477 2549 3540 notitiam
2604 3497 2797 3562 quam
2856 3475 3141 3562 spiritus

1077 3577 1382 3644 homi-wls
1441 3577 1566 3664 qui
1629 3585 1720 3642 est
1781 3577 1868 3644 in
1909 3577 2181 3644 homine
2242 3579 2439 3644 habet
2514 3579 2595 3642 de
2666 3579 2805 3666 ipso
2872 3579 3139 3658 homine,

1075 3683 1378 3746 novimus
1443 3703 1562 3748 nos
1627 3683 1706 3746 de
1773 3681 1892 3750 hoc
1958 3683 2279 3750 immunes
2346 3705 2485 3750 esse
2496 3709 2511 3764 3
2536 3681 2555 3720 ¹
2632 3705 2751 3750 nec
2814 3685 3141 3750 recolimus

1077 3785 1250 3872 quod
1325 3785 1662 3872 quisquam
1723 3787 1808 3852 ad
1879 3809 1997 3852 vos
2060 3787 2199 3852 sine
2260 3789 2501 3852 nostris
2560 3787 2777 3852 literis
2850 3809 2891 3852 a
2960 3789 3141 3854 nobis

1077 3889 1276 3954 fuerit
1319 3891 1568 3970 missuS,
1607 3891 1736 3956 nisi
1781 3891 1953 3976 quod
1998 3891 2349 3978 praedictus
2394 3891 2657 3956 clericus
2700 3895 2921 3958 noster
2964 3891 3143 3956 nobis

1079 3993 1266 4072 dixit,
1343 3993 1518 4080 quod
1591 4015 1710 4060 vos
1785 4017 1870 4060 ex
1942 3999 2129 4080 parte
2200 3999 2423 4060 nostra
2496 3995 2769 4082 rogavit,
2846 3995 3141 4080 quatinus

1075 4097 1354 4184 gratiam
1417 4097 1620 4184 priori
1667 4097 1750 4164 de
1801 4097 2133 4164 Davintre
2148 4111 2181 4146 a
2236 4099 2493 4164 intuitu
2552 4101 2763 4164 nostri
2826 4099 3143 4178 faceretis3

1077 4203 1190 4286 qui
1265 4201 1526 4266 clericus
1601 4223 1734 4266 non
1805 4201 1892 4266 ob
1962 4201 2085 4266 hoc
2156 4203 2615 4290 principaliter,
2684 4203 2797 4266 sed
2870 4203 2949 4268 ob
3022 4203 3143 4266 alia

1075 4305 1336 4392 negotia
1379 4305 1592 4372 fuerat
1637 4311 1794 4372 tunc
1835 4305 2103 4386 missus3
2166 4305 2271 4370 cui
2312 4309 2549 4384 tamen,
2602 4305 2673 4370 in
2738 4327 2987 4372 recessu
3030 4329 3143 4372 suo

1075 4429 1118 4472 a
1157 4407 1346 4474 nobis
1407 4407 1492 4474 ad
1557 4407 1943 4474 instantiam
2008 4407 2167 4474 dicti
2232 4407 2509 4494 prioris2‚
2556 4413 2633 4472 ut
2676 4407 2863 4474 vobis
2912 4431 3027 4494 pro
3072 4431 3143 4476 eo

1523 4671 1538 4700 ¹
1571 4671 1752 4722 (200.
1775 4671 1957 4722 inserts
1980 4671 2271 4722 contrarium
2294 4671 2349 4722 in
2372 4671 2459 4722 the
2480 4671 2691 4736 margin.

1523 4755 1544 4784 ²
1561 4749 1774 4818 prioris]
1811 4751 1989 4816 priori,
2012 4749 2193 4804 C.C.C.
