3875 5734
1089 827 1172 890 42
1747 841 2043 890 nonnnri
2092 837 2547 888 GROSSETESTE

1085 1025 1122 1054 “
1169 1023 1238 1086 et
1301 1017 1524 1086 timidi
1567 1019 1642 1084 in
1685 1019 1834 1086 aliis
1889 1019 2235 1100 mirantur,
2284 1019 2441 1106 quia
2496 1017 2583 1084 ab
2630 1017 2725 1084 eis
2778 1021 2917 1086 haec
2962 1019 3175 1086 eadem

1085 1131 1118 1158 ‘⁶
1169 1125 1522 1212 duplicitas
1569 1125 1941 1212 iniquitatis
1964 1125 1983 1162 ²
2034 1125 2299 1192 nomine
2344 1125 2619 1212 palliata
2662 1123 2979 1212 diligitur,
3024 1125 3171 1192 dum

1085 1237 1116 1264 “
1165 1227 1408 1294 mentis
1475 1231 1874 1316 perversitas
1937 1231 2283 1296 urbanitas
2356 1235 2643 1296 vocatur,
2748 1229 2911 1296 Haec
2980 1227 3177 1314 igitur

1085 1339 1118 1368 ‘⁶
1165 1331 1680 1420 obsequentibus
1741 1335 2059 1422 praecipit,
2126 1333 2447 1398 honorum
2524 1333 2811 1398 culmina
2880 1355 3171 1420 quaerere,

1081 1443 1118 1470 ‘⁶
1163 1437 1408 1524 adepta
1495 1437 1878 1524 temporalis
1968 1437 2195 1524 gloriae
2270 1437 2571 1502 vanitate
2646 1437 2945 1524 gaudere,
3020 1437 3173 1502 irro-

1087 1549 1122 1576 “
1165 1543 1324 1628 gata
1347 1541 1374 1578 2
1433 1541 1520 1608 ab
1565 1541 1710 1608 aliis
1773 1541 1947 1606 mala
2008 1541 2439 1628 multiplicius
2484 1541 2769 1620 reddere,
2820 1563 2965 1608 cum
3008 1541 3173 1608 vires

1081 1651 1118 1680 “
1165 1651 1548 1732 suppetunt,
1595 1645 1796 1710 nullis
1853 1645 2325 1710 obsistentibus
2392 1645 2657 1726 cedere3
2720 1667 2869 1710 cum
2910 1643 3171 1710 virtutis

1085 1757 1122 1784 “
1167 1749 1568 1838 possibilitas
1617 1749 1816 1830 deest,
1839 1749 2171 1836 'quicquid
2218 1749 2479 1836 explere
2526 1773 2643 1836 per
2686 1749 3009 1814 malitiam
3048 1771 3175 1814 non

1083 1861 1118 1890 “
1163 1853 1362 1934 valet,
1395 1853 1514 1920 hoc
1543 1853 1616 1918 in
1645 1853 1914 1942 pacifica
1944 1853 2245 1920 bonitate
2274 1855 2599 1920 simulare.
2646 1853 2745 1920 At
2776 1857 3015 1934 contra,
3038 1853 3169 1938 jus-

1081 1965 1118 1992 “
1161 1962 1384 2023 torum
1425 1955 1750 2044 sapientia
1781 1961 1894 2034 est,
1929 1957 2099 2022 nihil
2130 1979 2247 2044 per
2276 1959 2711 2022 ostensionem
2742 1959 3003 2046 fingere,
3036 1981 3167 2022 sen·

1083 2067 1118 2096 “
1163 2083 1308 2126 sum
1353 2061 1574 2126 verbis
1615 2061 1884 2148 aperire,
1917 2083 2077 2126 Vera
2122 2065 2199 2124 ut
2244 2067 2403 2126 sunt
2450 2061 2745 2148 diligere,
2792 2061 2955 2124 falsa
3000 2061 3171 2126 devi-

1083 2175 1118 2202 “
1163 2169 1322 2244 tare,
1349 2163 1524 2232 bona
1551 2163 1756 2252 gratis
1787 2163 2117 2246 exhibere,
2142 2165 2317 2230 mala
2348 2163 2661 2230 libentius
2686 2163 2961 2232 tolerare
2984 2187 3165 2250 quam

1083 2277 1118 2304 ‘⁶
1163 2267 1390 2348 facere,
1423 2267 1678 2334 nullam
1723 2269 1985 2355 injuriae
2028 2269 2353 2334 ultionem
2400 2289 2703 2354 quaerere,
2736 2289 2855 2356 pro
2900 2267 3167 2334 veritate

1085 2379 1120 2408 “
1165 2373 1632 2438 contumeliam
1677 2373 1838 2460 pati,
1885 2373 2145 2438 lucrum
2186 2377 2423 2460 putare
2468 2393 2589 2458 pro
2646 2371 3167 2436 maledicentibus

1087 2483 1124 2512 “
1169 2499 1370 2558 orare,
1417 2481 1878 2566 paupertatem
1944 2499 2249 2564 quaerere,
2296 2497 2593 2564 possessa
2654 2475 3031 2562 relinquere,
3072 2499 3169 2540 ra-

1089 2589 1124 2618 “
1165 2581 1378 2668 pienti
1405 2603 1542 2648 non
1571 2581 1892 2662 resistere,
1915 2581 2313 2670 percutienti
2346 2581 2623 2646 alteram
2652 2581 2989 2646 maxillam
3016 2603 3167 2666 prae-

1091 2693 1124 2720 “
1167 2683 1376 2752 bere.''
1463 2685 1548 2750 In
1591 2685 1786 2772 hujus
1829 2685 2173 2772 sapientiae
2220 2685 2559 2772 compedes
2604 2707 2941 2750 monemur
2984 2685 3169 2772 pedes

755 2805 804 2858 S.
829 2805 966 2886 nug.
1085 2787 1340 2872 inicere,
1391 2791 1562 2876 quia,
1613 2797 1690 2856 ut
1735 2791 1896 2856 dicit
1940 2791 2175 2856 beatus
2220 2791 2671 2878 Augustinus:
2736 2797 2773 2826 “
2796 2789 2961 2856 Haee
3010 2789 3167 2878 sapi-

757 2879 1016 3006 bffifffgffss·
1085 2899 1122 2928 “
1169 2893 1352 2958 entia
1395 2915 1556 2980 quos
1601 2893 1814 2982 primo
1861 2895 2247 2982 alligaverit,
2296 2897 2367 2958 et
2412 2893 2881 2960 exhortatoriis
2918 2893 3171 2980 quibus-

755 3025 800 3072 p.
825 3013 906 3062 37.
1085 3005 1122 3034 “
1171 2997 1322 3062 dam
1385 2997 1720 3064 laboribus
1781 2997 2165 3078 edomuerit,
2214 2997 2427 3064 solvet
2470 3003 2713 3084 postea,
2760 2997 3165 3084 liberatisque

1093 3109 1128 3138 “
1175 3121 1310 3166 sese
1373 3099 1580 3168 donat
1643 3101 1728 3166 ad
1777 3101 2177 3174 fruendum:
2258 3107 2325 3168 et
2380 3123 2539 3212 quos
2598 3101 2811 3188 primo
2856 3107 3163 3188 tempora-

1091 3211 1124 3240 “
1169 3201 1346 3268 libus
1407 3203 1688 3270 nexibus
1763 3205 2097 3282 erudierit,
2160 3203 2389 3292 postea
2444 3205 2709 3272 aeternis
2766 3205 3161 3294 amplexibus

1091 3311 1130 3344 ‘⁶
1175 3305 1492 3396 alligabit,
1567 3329 1696 3396 quo
1773 3309 2037 3376 vinculo
2112 3329 2229 3374 nec
2294 3309 2647 3396 jocundius
2718 3331 2833 3374 nec
2900 3309 3157 3374 solidius

1093 3419 1128 3446 “
1177 3411 1538 3498 excogitari
1603 3411 1953 3498 quicquam
2016 3415 2251 3498 potest.
2394 3411 2619 3476 Prima
2682 3411 2819 3478 haec
2880 3411 3155 3498 aliquan-

1097 3519 1132 3552 “
1177 3513 1398 3578 tulum
1457 3513 1622 3578 dura
1667 3537 1802 3580 esse
1865 3513 2113 3596 fateor;
2178 3515 2289 3580 illa
2334 3537 2491 3580 vero
2550 3513 2787 3580 ultima
2832 3535 2945 3580 nec
3000 3513 3153 3580 dura

1095 3621 1130 3654 “
1181 3615 1476 3694 dixerim,
1557 3617 1712 3702 quia
1799 3617 2173 3682 dulcissima
2248 3623 2415 3696 sunt,
2508 3639 2627 3684 nec
2700 3617 2933 3698 mollia,
3008 3621 3149 3702 quia

1089 3727 1126 3756 “
1175 3719 1562 3786 firmissima.
1685 3717 1965 3784 Vincula
2030 3741 2185 3786 vero
2258 3719 2597 3808 sapientiae
2670 3721 2863 3810 hujus
2934 3723 3149 3786 mundi

1091 3831 1128 3862 “
1181 3825 1600 3912 asperitatem
1645 3821 1892 3888 habent
1925 3843 2167 3904 veram,
2204 3821 2687 3910 jocunditatem
2726 3825 2987 3906 salsam3
3030 3849 3149 3890 cer-

1087 3935 1124 3966 “
1169 3933 1316 3994 tum
1359 3925 1668 4004 dolorem,
1715 3926 2033 3990 incertam
2078 3927 2527 4014 voluptatem,
2582 3927 2817 3992 durum
2862 3927 3147 4008 laborem,

1087 4041 1124 4068 “
1169 4031 1470 4096 timidam
1519 4029 1840 4116 quietem3
1903 4051 2041 4096 rem
2094 4029 2351 4116 plenam
2396 4029 2689 4110 miseriae,
2738 4051 2913 4116 spem
2958 4029 3151 4094 beati-

1001 4147 1004 4150 ’
1087 4143 1124 4170 “
1167 4137 1416 4202 tudinis
1515 4131 1830 4200 inanem.''
1986 4131 2149 4200 Haec
2236 4133 2439 4198 fallax
2528 4131 2759 4198 mundi
2848 4131 3153 4218 sapientia

1085 4243 1314 4326 sponte
1375 4261 1442 4304 se
1507 4239 1770 4324 ingerit,
1831 4243 1898 4304 et
1968 4237 2051 4302 ad
2116 4237 2391 4324 januam
2446 4235 2821 4322 juventutis
2842 4235 2865 4272 3
2922 4239 3149 4302 nostrae

1085 4343 1462 4430 importune
1529 4341 1764 4428 pulsat,
1829 4347 1910 4408 ut
1970 4341 2097 4406 sibi
2156 4341 2489 4428 aperiatur
2534 4347 2601 4406 et
2652 4341 2873 4408 intret.
2992 4339 3153 4404 Vera

1087 4553 1934 4560 ——.......——-————.—-——.
1954 4555 2137 4560 h-——
2144 4555 2157 4560 -
2168 4555 2437 4560 ..-...——..-..-—.—.
2444 4553 2457 4556 -
2466 4553 2697 4560 ‹a-...u———0q—

1161 4695 1174 4722 ¹
1205 4693 1502 4758 iniquitatis]
1541 4693 1798 4758 aequitatis,
1823 4691 1922 4746 Sid.
2242 4695 2259 4722 ³
2280 4693 2577 4760 Juventutis]
2614 4691 2805 4752 mentiS,
2834 4687 3005 4740 C.C.C.

1163 4775 1184 4804 2
1205 4773 1448 4838 irroyata]
1487 4779 1700 4838 erogata,
1723 4773 1826 4828 sid.
1895 4833 1902 4840 .
