3875 5734
1567 761 1922 812 ErrsroLAE.
2706 759 2793 832 37

719 955 822 1022 sed
893 951 1016 1018 fuit
1103 947 1374 1034 embryo
1445 945 1824 1026 inanimata,
1903 965 2051 1032 quae
2142 969 2275 1012 non
2364 945 2585 1038 potuit
2658 969 2793 1014 esse

721 1059 1000 1148 legitima
1043 1053 1148 1122 Vel
1213 1053 1556 1140 illegitima
1619 1055 1774 1118 ante
1839 1051 2417 1140 participationem
2488 1053 2791 1120 humani-

719 1167 868 1232 tatis
953 1185 1066 1250 per
1151 1159 1544 1228 infusionem
1633 1157 1872 1226 anima}
1962 1159 2343 1242 rationaljs;
2416 1161 2793 1248 hujusmodi

719 1275 928 1358 itaque
989 1267 1454 1356 patrimonium
1519 1287 1712 1332 causa
1781 1269 1880 1332 est
1944 1265 2449 1354 legitimationis
2508 1267 2795 1334 hominis

721 1377 998 1442 nondum
1059 1371 1418 1452 existentia
1467 1373 1580 1440 sed
1643 1371 1854 1438 adhue
1915 1371 2147 1452 futuri,
2196 1371 2351 1438 licet
2400 1373 2475 1436 in
2518 1373 2795 1440 fornica-

721 1483 890 1548 tione
935 1481 1238 1566 concepti.
1331 1479 1550 1566 Igitur
1595 1501 1712 1566 per
1771 1477 2211 1544 universalem
2256 1477 2549 1566 regulam
2598 1501 2793 1566 supra

721 1587 962 1668 dictam,
1011 1585 1218 1652 multo
1263 1585 1472 1672 magis
1517 1585 1644 1650 erit
1687 1583 2187 1650 matrimonium
2232 1605 2425 1650 causa
2468 1583 2793 1672 legitima-

719 1691 906 1758 tionis
947 1691 1220 1758 hominis
1265 1689 1608 1778 praesentis
1653 1687 1826 1756 sivel
1873 1689 2381 1778 praesentialiter
2426 1689 2791 1770 existentiS,

719 1797 864 1862 licet
899 1797 1094 1862 fuerit
1131 1797 1202 1862 in
1241 1795 1670 1862 fornicatione
1709 1799 2075 1884 conceptue.
2146 1795 2295 1878 Qua
2334 1795 2511 1862 enim
2550 1799 2795 1862 natura

719 1903 1184 1968 transfunderet
1229 1923 1296 1968 se
1347 1901 1736 1990 legitimitas
1799 1901 2141 1988 praesentis
2208 1905 2275 1968 et
2344 1901 2569 1968 statim
2634 1901 2797 1966 desi-

719 2007 928 2076 nentis
971 2007 1370 2074 matrimonii
1411 2009 1484 2074 in
1529 2009 1742 2074 filium
1785 2007 2101 2088 futurum,
2148 2029 2489 2096 nunquam
2534 2007 2799 2076 habitu-

719 2135 858 2178 rum
899 2115 1226 2180 vinculum
1271 2115 1568 2180 naturale
1615 2115 1936 2178 naturalis
1990 2113 2333 2180 filiationis
2396 2137 2545 2180 cum
2588 2119 2793 2202 patre,

719 2225 782 2286 et
819 2241 948 2284 non
991 2219 1478 2286 transfunderet
1523 2241 1590 2286 se
1633 2219 2019 2308 legitimitas
2062 2219 2473 2286 matrimonii
2516 2243 2795 2308 praesen-

717 2325 800 2390 tis
845 2325 916 2390 in
971 2325 1178 2390 filium
1227 2331 1634 2412 praesentem,
1681 2325 2037 2392 habentem
2098 2325 2607 2412 praesentialiter
2648 2325 2793 2390 vin-

721 2431 928 2498 culum
971 2429 1262 2496 naturale
1305 2433 1628 2496 naturalis
1673 2431 2015 2498 filiationis
2080 2451 2231 2496 cum
2292 2433 2529 2518 patre?
2618 2431 2795 2496 Item

719 2559 944 2622 quaere,
989 2559 1076 2602 an
1139 2535 1514 2624 hujusmodi
1573 2535 1814 2622 judicii
1871 2535 2129 2622 judices
2196 2535 2547 2602 decerna-nt
2592 2535 2795 2624 prolis

719 2641 1244 2730 legitimationem
1307 2665 1422 2708 seu
1491 2643 2093 2730 illegitimationem
2136 2663 2223 2706 ex
2274 2645 2595 2730 conceptu
2638 2641 2793 2720 sole,

719 2751 828 2814 aut
873 2771 950 2814 ex
993 2747 1348 2814 nativitate
1393 2749 1550 2828 sola,
1597 2751 1716 2814 aut
1777 2769 1862 2812 ex
1919 2747 2217 2834 utrisque
2262 2745 2501 2812 simul?
2592 2745 2665 2814 Si
2712 2769 2797 2814 ex

721 2859 1016 2940 conceptu
1087 2853 1236 2934 solo,
1301 2859 1460 2918 tunc
1523 2853 1738 2942 proles
1813 2857 2127 2940 concepta
2198 2853 2271 2918 in
2346 2851 2797 2934 fornicatione,

719 2959 908 3024 etiam
949 2961 1006 3024 si
1047 2963 1192 3048 post
1237 2959 1738 3024 matrimonium
1781 2957 1983 3024 fuerit
2028 2961 2205 3038 nata,
2246 2957 2375 3024 erit
2418 2957 2799 3046 illegitima3

719 3065 824 3130 sed
887 3087 996 3152 per
1059 3065 1254 3130 breve
1321 3065 1498 3150 quod
1561 3063 1634 3128 hi
1687 3063 1945 3150 judices
2004 3063 2367 3132 voluerunt
2442 3063 2637 3130 scribi
2712 3063 2795 3130 ab

721 3169 1034 3256 episcopia
1079 3167 1386 3234 videlicet
1439 3169 1616 3256 quod
1679 3169 1832 3234 talis
1895 3173 2095 3234 natus
2156 3169 2289 3234 fuit
2360 3173 2515 3234 ante
2566 3171 2792 3234 matri-

719 3273 998 3340 monium.
1039 3273 1144 3338 vel
1207 3279 1374 3360 post,
1421 3275 1610 3360 patet
1655 3273 1832 3360 quod
1883 3273 2191 3360 judicant
2238 3295 2505 3340 omnem
2548 3275 2797 3362 prolem

719 3385 858 3464 post
899 3377 1388 3444 matrimonium
1431 3383 1658 3444 natam
1691 3401 1830 3444 esse
1875 3377 2245 3468 legitimam
2280 3405 2295 3462 3
2344 3383 2463 3444 aut
2506 3379 2797 3446 inaniter

719 3489 1002 3570 peterent
1073 3483 1192 3548 sub
1271 3483 1394 3548 tali
1467 3483 1680 3550 forma
1757 3483 1880 3550 sibi
1956 3483 2043 3550 ab
2122 3483 2439 3572 episcopis
2512 3485 2795 3552 rescribi.

725 3587 928 3674 Igitur
971 3591 1026 3654 si
1075 3611 1156 3654 ex
1219 3595 1536 3676 conceptu
1599 3589 1736 3654 solo
1803 3591 2185 3672 decernunt,
2232 3593 2421 3678 patet
2466 3591 2641 3678 quod
2686 3591 2799 3656 de·-

723 3697 974 3758 cernent
1019 3693 1146 3758 duo
1191 3693 1556 3776 contraria3
1623 3717 1702 3760 sc.
1749 3695 2001 3782 prolem
2048 3695 2123 3760 in
2166 3695 2599 3762 fornicatione
2646 3717 2797 3762 con-

723 3801 962 3882 ceptam
1005 3801 1268 3884 propter
1313 3803 1694 3886 conceptum
1751 3821 1886 3866 esse
1933 3799 2371 3888 illegitimam,
2418 3805 2487 3864 et
2530 3805 2797 3886 propter

719 3901 1124 3966 nativitatem
1185 3901 1370 3988 post2
1413 3903 1908 3968 matrimonium
1974 3925 2109 3968 esse
2154 3903 2559 3992 legitimam3
2626 3903 2793 3970 sicut

719 4005 1000 4070 insinuat
1061 4005 1306 4070 dictum
1373 4007 1610 4088 breve3
1667 4011 1734 4072 et
1811 4007 1900 4072 sic
1978 4007 2191 4072 etiam·
2254 4029 2377 4072 nec
2436 4007 2795 4074 decernunt

719 4109 1244 4196 legitimationem
1311 4115 1378 4176 et
1439 4109 2033 4200 illegitimationem
2110 4131 2225 4198 per
2300 4113 2791 4198 conceptionem

719 4215 924 4282 solam.
1015 4215 1088 4282 Si
1133 4237 1286 4280 vero
1341 4215 1646 4302 judicant
1711 4215 2263 4302 legitimationem
2320 4221 2389 4282 et
2454 4215 2593 4304 ejus
2644 4239 2793 4284 con-

721 4321 982 4386 trarium
1055 4341 1138 4386 ex
1211 4323 1526 4408 conceptu
1609 4325 1676 4386 et
1767 4319 2129 4386 nativitate
2204 4319 2423 4402 simul,
2498 4327 2661 4388 tunc
2738 4323 2793 4390 si

841 4549 920 4554 .-—
939 4549 1014 4554 ...μ-
1027 4549 1452 4554 ..—..—..-.-.—...—......-——.—
1467 4549 1566 4554 .-.-....
1577 4547 1724 4554 ..-—--
1753 4549 1957 4554 ..-ψ-η.
1968 4545 2759 4554 —U—-w—ffl—ssssn—

735 4745 738 4748 -
787 4713 800 4742 ¹
825 4681 1072 4782 proesenti's
1091 4713 1220 4780 sive]
1259 4727 1354 4764 om.
1379 4711 1480 4764 Ox,
1745 4707 1760 4778 Ι
1865 4711 1884 4738 2
1907 4709 2049 4776 post]
2086 4715 2263 4776 potest,
2286 4707 2469 4762 c.c.0.
