3875 5734
1579 817 1941 868 EPISTOLAE·
2200 795 2203 798 ’
2686 803 2811 868 125

741 995 930 1084 ipsius
971 997 1222 1072 nutum,
1271 993 1388 1080 qui
1433 1013 1568 1058 non
1613 991 1932 1058 statuitur
1978 991 2049 1056 in
2114 989 2325 1080 gradu
2388 987 2643 1078 prioris
2708 991 2823 1056 sed

743 1101 806 1166 in
855 1101 1056 1188 gradu
1115 1097 1344 1186 primo,
1409 1095 1484 1164 in
1547 1095 1686 1162 loco
1753 1095 2061 1162 videlieet
2126 1095 2327 1176 Petri,
2360 1095 2819 1182 Apostolorum

745 1203 1028 1292 orbisque
1055 1199 1262 1270 totius
1289 1199 1616 1290 principis,
1705 1201 1796 1268 Et
1827 1203 1985 1290 quia
2014 1199 2217 1266 animi
2246 1199 2379 1266 mei
2406 1199 2821 1268 devotionem

745 1310 1026 1376 nondum
1097 1307 1438 1374 ostendere
1511 1305 1734 1396 potuit
1805 1313 2051 1374 vestrae
2142 1305 2503 1384 sanctitati,
2578 1305 2823 1372 laboris

745 1413 1004 1500 alicujus
1061 1411 1354 1500 impositi
1421 1409 1734 1476 obediens
1793 1415 1866 1476 et
1925 1417 2121 1500 grata
2162 1409 2525 1498 assumptio
2568 1411 2679 1478 vel
2724 1433 2823 1476 as-

747 1517 976 1606 sumpti
1055 1515 1298 1584 laboris
1373 1539 1490 1606 pro
1551 1515 1804 1582 viribus
1877 1515 2235 1604 parvitatis
2306 1533 2471 1582 meae
2544 1515 2823 1602 diligens

745 1623 1024 1690 executio
1069 1647 1088 1704 3
1171 1621 1244 1688 in
1317 1621 1574 1688 devotae
1673 1619 2095 1708 subjectionis
2168 1619 2407 1686 saltem
2480 1621 2823 1710 parvulam

743 1725 1176 1808 ostensionem,
1221 1727 1398 1814 quod
1453 1747 1718 1816 possum
1763 1725 1945 1806 facin,
1992 1725 2455 1792 munusculum
2510 1725 2821 1792 videlicet

743 1831 1068 1910 modicum,
1135 1831 1426 1896 maximo
1489 1829 1758 1896 mittere
1821 1829 2139 1896 minimus
2200 1829 2611 1904 confidenter
2652 1853 2821 1920 prae-

745 1959 952 2020 sum03
1013 1935 1214 2004 sciens
1259 1935 1578 2004 veraciter
1625 1935 1798 2024 quod
1841 1943 2085 2004 vestrae
2134 1935 2513 2004 sanctitatis
2532 1935 2553 1974 ¹
2600 1959 2823 2024 super-

745 2041 1022 2108 eminens
1077 2043 1312 2108 caritas
1379 2065 1516 2108 non
1589 2041 1914 2128 ponderat
1984 2041 2229 2106 donum
2298 2063 2385 2108 ex
2444 2041 2617 2106 mole
2686 2063 2825 2108 suae

743 2145 1210 2234 magnitudinis
1259 2145 1374 2214 sed
1417 2169 1502 2214 ex
1545 2145 1798 2210 sincera
1843 2145 2197 2214 devotione
2244 2145 2571 2226 donantis,
2612 2169 2819 2232 quan-

745 2273 926 2338 quam
967 2257 1172 2318 tantae
1215 2253 1562 2340 potestatis
1607 2251 1951 2318 sanctitati
1998 2249 2097 2316 nil
2138 2257 2443 2338 reputem
2488 2273 2593 2316 me
2636 2273 2821 2338 posse

745 2357 888 2422 dare
929 2355 1108 2444 quasi
1151 2355 1232 2422 de
1277 2357 1502 2436 aliene,
1571 2355 1684 2422 sed
1747 2355 1959 2422 solum
2020 2355 2249 2422 offerre
2310 2355 2499 2420 velut
2560 2377 2643 2420 ex
2706 2379 2823 2422 suo

745 2461 1002 2550 proprio,
1109 2459 1638 2528 Incolumitatem
1699 2465 1989 2526 vestram
2056 2465 2397 2526 conservet
2438 2459 2819 2526 Altissimus

747 2565 898 2632 mihi
983 2571 1050 2634 et
1135 2567 1416 2634 ecclesiae
1489 2587 1624 2634 suae
1685 2571 1928 2632 sanctae
2020 2587 2135 2652 per
2222 2569 2523 2652 tempora
2608 2565 2817 2652 longa.

745 2671 956 2740 Amen.

1595 3087 1918 3156 XXXVI.

753 3313 1120 3382 Venerabili
1163 3311 1250 3382 ἄκη
1319 3313 1590 3382 Christo
1647 3311 1844 3400 patri
1909 3311 2189 3380 domino
2258 3311 2523 3400 lusidio,
2566 3321 2817 3382 sancte&

905 3419 1226 3486 Romame
1257 3417 1532 3484 ecclesiae
1567 3415 1959 3496 Cardinali,
2006 3417 2331 3484 Robe‘rtus
2364 3417 2817 3504 pecnnissione

909 3521 1154 3590 divina
1223 3521 1742 3590 Linoozwzensis
1805 3521 2087 3588 ecclesicu
2128 3521 2447 3588 minister
2506 3521 2817 3602 humil-2⁴3,

905 3627 1182 3694 salutem
1209 3633 1272 3694 et
1299 3647 1508 3714 quam
1553 3625 1844 3694 debitam
1889 3633 2037 3694 tam
2078 3625 2379 3696 devotam
2422 3647 2577 3694 eum
2622 3625 2817 3694 omni

901 3729 1138 3798 honore
1177 3729 1636 3798 reverentiam.

2910 3329 3035 3376 1236
3056 3327 3083 3378 Ρ

825 3891 1002 3960 Sicut
1031 3915 1220 3984 super
1259 3895 1492 3960 mundi
1523 3893 1818 3962 cardines
1845 3893 2137 3960 mundus
2184 3893 2517 3972 innititur,
2564 3915 2815 3960 eorum·
2840 3909 2937 3960 His
2958 3927 3111 3962 vene-

745 4015 860 4080 que
907 3995 1234 4074 fulcimine
1295 4003 1736 4086 supportatur,
1785 4005 1862 4064 ut
1907 3999 2161 4086 opinati
2220 4003 2381 4064 sunt
2430 4003 2499 4062 et
2544 3997 2815 4086 scripse-

2838 3979 3001 4030 ration
3024 3981 3105 4030 for

2838 4047 2925 4097 the
2946 4049 3107 4098 caidi-

745 4103 892 4164 runt
965 4121 1130 4188 quos
1201 4101 1434 4168 mundi
1497 4101 1682 4168 labor
1747 4101 2069 4190 agitavit3
2138 4101 2227 4168 sic
2302 4121 2499 4188 super
2568 4107 2813 4168 sanctae
2842 4115 2965 4178 nals,

745 4201 1040 4270 Romanae
1107 4205 1386 4272 ecclesiae
1451 4205 1826 4286 cardinales
1889 4205 2065 4272 orbis
2108 4209 2433 4272 terrarum
2502 4203 2619 4290 qui
2678 4227 2815 4270 non

745 4307 1252 4390 commovebitur,
1283 4309 1354 4376 id
1385 4315 1502 4390 est,
1533 4309 1922 4376 universalis
1954 4307 2217 4374 ecclesia
2246 4329 2395 4396 quae
2422 4307 2619 4374 nullis
2648 4329 2817 4374 oom-

721 4403 1128 4480 'motionibus
1195 4437 1238 4478 a
1299 4413 1666 4482 stabilitate
1725 4413 1896 4480 fidei.
1925 4411 2259 4492 deicietur‚
2304 4413 2439 4478 fixe
2484 4411 2817 4494 innititur,

1319 4629 1608 4638 „nffl,..—„0-..
1615 4629 1850 4636 ..u-...ffss--w
1859 4629 1874 4634 -
1881 4629 1894 4634 .·
1901 4627 2811 4636 —m-—m—

1333 4765 1348 4796 ¹
1381 4761 1684 4830 sanctitatis]
1721 4761 1991 4826 societatis-z,
2018 4763 2195 4814 C.C.C.
