3875 5734
1583 825 1941 878 Ems'rorffl.
2622 843 2633 846 ·
2682 819 2805 882 355

727 1005 764 1034 “
809 997 892 1062 ad
969 1013 1190 1062 curam
1263 997 1656 1086 pastoralem
1727 999 2089 1066 admittere.
2166 999 2489 1064 Dominus
2586 1003 2809 1064 autem

727 1113 756 1140 “
803 1101 1124 1168 Robertus
1169 1099 1526 1168 Passelewe
1573 1103 1951 1188 praenotatis
1992 1107 2133 1166 tam
2192 1103 2553 1188 specialiter
2612 1125 2809 1188 quam

727 1215 760 1242 “
803 1203 1192 1292 generaliter
1233 1209 1334 1268 est
1389 1205 1724 1284 irretitus3
1769 1227 1916 1290 quae
1976 1205 2211 1284 omnia,
2258 1205 2317 1268 si
2382 1227 2633 1270 necesse
2702 1205 2807 1282 sit,

729 1319 758 1346 “
803 1331 1016 1374 coram
1061 1305 1454 1396 competenti
1493 1305 1736 1392 judice,
1781 1305 1934 1372 licet
1994 1305 2131 1372 sint
2196 1305 2469 1386 notoria,
2538 1307 2811 1394 probare

725 1423 760 1446 “
803 1411 1016 1500 parati
1061 1433 1298 1476 sumus
1389 1409 1744 1496 Praecipere
1787 1411 1993 1496 igitur
2058 1411 2247 1476 nobis
2312 1415 2391 1476 ut
2456 1409 2661 1476 talem
2724 1413 2811 1476 ad

725 1523 760 1552 “
785 1505 1022 1580 ‘euram
1083 1513 1472 1602 pastoralem
1535 1513 1965 1578 admittamus
2024 1517 2141 1578 aut
2208 1511 2329 1578 tali
2394 1513 2813 1600 praeceptioni

723 1629 758 1652 “
803 1619 1260 1704 obtemperare,
1339 1617 1498 1702 quid
1587 1621 1690 1682 est
1775 1617 1959 1680 aliud
2046 1637 2243 1702 quam
2332 1613 2533 1702 quasi
2602 1613 2813 1680 scelus

725 1727 758 1756 “
803 1719 1258 1788 idololatriae?
1349 1719 1602 1786 Scimus
1669 1723 1888 1786 autem
1958 1719 2133 1806 quod
2196 1717 2405 1784 forma
2466 1717 2811 1784 verborum

723 1835 756 1860 “
799 1823 1094 1890 mandati
1137 1821 1340 1890 vestri
1383 1845 1522 1890 non
1565 1823 1916 1912 praetendit
1962 1821 2301 1910 praefatam
2352 1821 2813 1908 iniquitatem3

725 1935 754 1962 “
799 1927 912 1992 sed
953 1949 1058 1992 res
1103 1931 1170 1992 et
1213 1929 1486 1992 materia
1527 1927 1736 1992 forma
1793 1927 1908 1992 illa
1952 1927 2219 2014 palliata
2262 1927 2433 1992 nihil
2472 1931 2573 1992 est
2630 1927 2813 1992 aliud

725 2037 756 2066 “
799 2051 998 2116 quam
1041 2029 1216 2114 quod
1259 2031 1646 2118 praedictum
1693 2037 1806 2096 est.
1901 2029 2205 2096 Formam
2246 2031 2469 2118 itaque
2516 2031 2813 2096 mandati
2886 2071 2889 2074 -

725 2139 758 2168 “
801 2133 1020 2210 vestri,
1069 2133 1268 2196 etiam
1311 2133 1490 2198 nullo
1537 2135 1906 2210 mandante,
1954 2157 2067 2220 per
2126 2135 2409 2220 gratiam
2454 2133 2811 2200 Salvatoris

803 2257 1054 2322 semper
1125 2235 1466 2304 observare
1547 2237 1967 2326 proponimus
1998 2261 2013 2318 3
2100 2237 2257 2322 quia
2346 2241 2531 2304 actus
2618 2237 2813 2304 officii

803 2339 1010 2404 nostri
1053 2339 1374 2406 canonicis
1439 2341 1682 2428 regulis
1743 2341 2015 2428 dirigere
2076 2365 2199 2428 pro
2258 2343 2511 2406 viribus
2572 2341 2813 2407 nostris

799 2445 1094 2530 cupimus
1119 2469 1136 2524 3
1181 2467 1296 2532 per
1325 2467 1600 2532 quarum
1631 2445 2051 2510 directionem
2094 2445 2443 2532 praefatum
2472 2445 2811 2510 dominum

803 2547 1160 2612 Robertum
1247 2553 1512 2636 propter
1599 2551 1945 2634 praetactas
2016 2553 2087 2612 et
2160 2547 2325 2612 alias
2398 2549 2815 2634 quamplures

725 2655 758 2682 “
803 2671 1024 2714 causas
1069 2649 1154 2714 ad
1199 2649 1530 2714 ecclesiam
1575 2651 1916 2736 praefatam
1952 2649 2297 2714 admittere
2340 2651 2809 2716 recusavimus:

725 2761 756 2786 “
797 2773 914 2818 nec
959 2755 1178 2840 potest
1229 2751 1448 2838 aliquo
1489 2751 1702 2816 modo,
1721 2751 2003 2836 judicari
2048 2751 2327 2838 pastoris
2394 2753 2813 2838 negligentia,

725 2863 756 2890 “
803 2855 914 2922 sed
959 2855 1168 2942 magis
1197 2855 1538 2942 pastoralis
1583 2855 1776 2920 officii
1823 2855 2181 2940 diligentia,
2228 2857 2547 2922 recusatio
2592 2879 2815 2922 eorum

725 2965 760 2992 “
803 2959 890 3024 ad
931 2981 1156 3024 euram
1201 2959 1604 3048 pastoralem,
1639 2957 1754 3044 qui
1797 2955 2211 3024 seculombus
2254 2955 2547 3044 ‘neyotiis
2592 2963 2819 3024 contra

725 3067 760 3096 “
803 3063 1166 3130 doctrinam
1211 3063 1652 3152 Apostolicam
1697 3067 1766 3128 et
1827 3061 2165 3128 canonicas
2228 3063 2595 3128 sanctiones
2614 3059 2633 3098 ¹
2682 3063 2817 3128 ‘Zm-

727 3171 758 3200 “
797 3165 1180 3252 plicantur,
1235 3165 1518 3232 maxime
1563 3189 1714 3232 cum
1763 3165 2105 3232 caritative
2150 3165 2389 3254 pluries
2446 3167 2817 3252 praemoniti

725 3277 754 3302 “
799 3271 882 3334 ab
923 3269 1300 3356 hujusmodi
1343 3267 1804 3356 implicatione·
1835 3291 1898 3334 se
1948 3267 2277 3334 absolvere
2324 3267 2571 3334 nolunt.
2664 3269 2815 3332 Dis-

725 3377 760 3406 “
805 3375 1154 3438 cretionem
1227 3371 1432 3460 igitur
1503 3377 1790 3438 vestram
1863 3371 2025 3438 totis
2100 3373 2395 3438 caritatis
2462 3373 2817 3438 visceribus

725 3483 756 3510 “
799 3497 1120 3564 rogamus,
1165 3477 1478 3564 quatinus
1523 3473 1870 3562 praefatum
1929 3475 2271 3540 dominum
2328 3475 2693 3540 Robertum
2742 3477 2817 3540 in

723 3585 758 3612 ‘⁶
799 3579 1072 3666 praefata
1121 3579 1384 3646 ecclesia
1441 3601 1578 3644 non
1627 3579 2037 3660 instituatis3
2082 3579 2239 3666 quia
2286 3579 2411 3646 hoe
2454 3579 2639 3646 fieret
2682 3601 2819 3644 non

725 3687 758 3714 “
803 3683 1012 3748 solum
1053 3683 1130 3748 in
1179 3681 1634 3770 praejudicium
1677 3683 1898 3762 nostri,
1952 3683 2067 3768 qui
2124 3683 2201 3748 in
2244 3683 2365 3750 hac
2430 3687 2615 3770 parte
2682 3705 2819 3748 non

723 3789 758 3816 “
803 3805 1024 3850 sumus
1043 3785 1448 3872 negligentes
1479 3785 1594 3852 sed
1613 3785 1820 3872 magis
1843 3785 2427 3872 diligentes,-—qu0
2452 3807 2603 3852 casu
2622 3785 2821 3850 officii

725 3893 758 3920 “
799 3889 1004 3954 vestri
1047 3889 1346 3954 debitum
1385 3889 1604 3954 locum
1645 3889 1772 3954 sibi
1823 3889 2023 3976 juxta
2070 3889 2409 3954 canonicas
2454 3887 2817 3954 sanctiones

727 3997 760 4024 “
801 3991 1132 4056 vindicare
1183 4013 1322 4056 non
1377 3997 1696 4080 potest,--
1705 4015 1936 4058 verum
2002 3993 2205 4058 etiam
2278 3993 2353 4058 in
2428 3993 2815 4058 condemna-

727 4097 762 4126 “
803 4095 1050 4158 tionem
1095 4099 1406 4160 aeternam
1451 4095 1656 4182 ipsius
1701 4095 1955 4182 praefati
2000 4095 2251 4160 domini
2296 4093 2571 4162 Roberti
2614 4101 2683 4162 et
2742 4097 2817 4162 in

725 4199 760 4230 “
803 4197 1232 4284 perditionem
1275 4197 1642 4262 animarum
1685 4199 1977 4286 praefatae
2006 4196 2307 4278 eeclesiae,
2336 4199 2407 4262 in
2440 4199 2817 4266 scandalum

727 4303 762 4330 “
805 4299 984 4380 cleri,
1005 4305 1072 4364 et
1115 4299 1400 4366 maxime
1435 4301 1664 4380 vestri,
1691 4301 1772 4366 de
1817 4323 1949 4388 quo
1994 4301 2349 4368 certissime
2394 4323 2817 4390 praesumere-

725 4407 760 4436 “
801 4407 926 4486 tur,
977 4403 1154 4490 quod
1211 4403 1336 4470 hoc
1399 4427 1536 4470 non
1601 4403 1894 4470 faceretis
1950 4405 2235 4492 justitiae
2298 4405 2457 4488 ze10‚
2504 4405 2617 4472 sed
2682 4407 2819 4472 solo

1323 4729 1338 4760 ¹
1371 4725 1670 4794 sanctiones]
1697 4739 1796 4780 om.
1821 4723 2025 4786 c.0.c.,
2046 4725 2147 4780 Ox.

2420 4803 2549 4866 22
