3875 5734
1583 835 1941 886 EPISTOLAE.
2672 829 2749 888 21
2770 831 2795 888 l

721 1015 800 1080 ad
859 1037 1014 1082 usus
1077 1035 1450 1080 communes
1517 1015 1874 1094 hominum,
1921 1015 2127 1080 altare
2172 1013 2245 1078 in
2288 1035 2577 1082 mensam
2646 1035 2799 1102 epu-

719 1119 1008 1200 lantium,
1055 1119 1222 1186 fialae
1269 1125 1338 1184 et
1381 1119 1608 1184 calices
1653 1119 1726 1182 in
1769 1119 2003 1206 pocula
2068 1119 2595 1206 compotantium,
2650 1141 2795 1184 ves·

715 1231 936 1314 tesque
1007 1247 1202 1290 sacrae
1291 1223 1364 1290 in
1451 1223 1680 1290 laicale
1751 1221 2229 1288 indumentum.
2348 1223 2515 1290 Cum
2588 1225 2795 1312 igitur

717 1333 938 1396 harum
1025 1353 1240 1396 rerum
1313 1329 1568 1394 naturis
1655 1327 2253 1414 incomparabiliter
2340 1329 2429 1392 sit
2516 1329 2795 1392 nobilior

717 1435 986 1500 hominis
1029 1439 1282 1514 natura,
1331 1431 1598 1520 ejusque
1643 1431 1918 1496 sacratio
1980 1431 2055 1496 in
2120 1451 2441 1496 sacrorum
2492 1431 2793 1496 ordinum

719 1539 1108 1626 susceptione
1167 1537 1372 1626 major
1439 1539 1528 1604 sit
1589 1537 1824 1602 talium
1885 1557 2211 1602 sacrorum
2274 1533 2793 1614 sanctificatione,

717 1645 1076 1730 arctiusque
1119 1643 1220 1708 his
1265 1641 1620 1730 deputetur
1687 1641 1930 1706 divinis
1992 1641 2413 1722 ministeriis;
2478 1639 2799 1728 quomodo

717 1769 842 1812 non
885 1753 984 1812 est
1027 1749 1234 1812 multo
1279 1747 1490 1836 magis
1535 1743 1914 1824 execrabile,
1948 1767 2305 1830 verumque
2334 1743 2799 1832 aspicientibus

719 1853 854 1938 plus
929 1851 1376 1932 abominabile,
1447 1849 1624 1938 quod
1697 1849 1890 1914 homo
1962 1871 2081 1938 per
2154 1869 2365 1914 sacros
2430 1849 2687 1914 ordines
2730 1853 2803 1914 et

717 1977 928 2020 curam
987 1955 1372 2042 pastoralem
1435 1953 1772 2018 dedicatus
1841 1957 1912 2018 et
1970 1953 2327 2040 deputatus
2388 1953 2615 2020 divino
2678 1953 2801 2018 mi-

717 2059 992 2138 nisteriO,
1055 2063 1396 2124 revocatur
1439 2059 1524 2124 ad
1591 2057 1880 2124 seculum
1925 2079 2043 2146 per
2084 2059 2523 2124 ministerium
2584 2059 2805 2148 impli-

719 2169 890 2228 catus
911 2161 932 2200 ¹
997 2163 1268 2228 seculari
1313 2163 1630 2250 negotio?
1721 2163 2063 2242 Praeterea,
2112 2163 2283 2230 sicut
2326 2163 2397 2228 in
2418 2163 2439 2200 ¹
2486 2163 2799 2230 decretali
2822 2175 3001 2230 2Tim.
3016 2179 3069 2232 ii.
3090 2187 3135 2232 4.

719 2267 982 2352 epistola
1045 2267 1360 2352 scriptum
1427 2271 1544 2346 est,
1613 2265 1955 2332 secularia
2012 2265 2303 2352 ‘neyot-ia,
2350 2267 2587 2354 quibus
2656 2291 2801 2356 pro-

717 2371 892 2436 hibet
937 2369 1290 2456 Apostolus
1353 2369 1736 2436 militantes
1799 2369 1941 2436 Deo
2016 2369 2415 2462 implicari,
2474 2373 2797 2438 ministris

717 2475 932 2538 altaris
977 2497 1228 2540 necnon
1271 2479 1342 2540 et
1385 2475 1720 2540 monachis
1765 2475 2031 2540 omnino
2090 2481 2247 2542 sunt
2304 2475 2669 2554 interdicta,
2718 2477 2801 2542 de

717 2601 982 2664 quorum
1025 2579 1410 2646 secularium
1455 2577 1866 2664 negotiorum
1909 2601 2199 2658 numem,
2246 2579 2415 2644 sicut
2456 2581 2531 2644 in
2574 2579 2803 2644 eadem

719 2685 1018 2772 scriptum
1063 2687 1176 2766 est,
1225 2685 1672 2750 contentiones
1717 2681 1826 2748 vel
1869 2681 2019 2748 lites
2064 2683 2175 2748 vel
2230 2681 2409 2748 rixas
2454 2705 2685 2762 amare,
2732 2691 2803 2750 et

717 2787 782 2852 in
853 2787 1106 2874 placitis
1181 2789 1578 2854 secularibus
1649 2787 2003 2874 disputare,
2086 2791 2357 2874 excepta
2430 2787 2803 2852 defensione

719 2893 1138 2980 orphanorum
1181 2897 1298 2958 aut
1343 2893 1714 2958 viduarum.
1805 2891 1977 2958 Cum
2038 2889 2247 2978 igitur
2288 2889 2579 2976 judicem
2622 2913 2803 2956 secu-

719 2997 912 3062 larem
955 3001 1248 3084 oporteat
1307 2997 1380 3060 in
1431 2995 1690 3084 placitis
1733 2995 2129 3062 secularibus
2176 2995 2527 3080 disputare,
2576 2995 2631 3060 si
2678 2995 2803 3058 mi-

717 3105 814 3166 ter
853 3099 1072 3166 altaris
1133 3099 1240 3166 vel
1307 3099 1664 3166 monachus
1719 3099 2145 3164 constituitur
2198 3097 2409 3184 judex
2476 3097 2797 3178 seculariS,

719 3209 962 3292 oportet
1007 3225 1154 3270 eum
1199 3203 1486 3270 incidere
1547 3201 1620 3268 in
1681 3201 1848 3266 illud
1893 3201 2073 3288 quod
2118 3201 2181 3266 ei
2224 3201 2649 3268 interdictum
2700 3205 2801 3266 est

719 3309 1094 3374 auctoritate
1137 3307 1440 3394 Apostoli
1485 3313 1556 3374 et
1601 3307 1989 3372 universalis
2052 3303 2349 3384 ecclesiae,
2394 3327 2469 3370 ac
2510 3327 2631 3392 per
2674 3305 2799 3370 hoc

717 3417 962 3476 reatum
1035 3409 1502 3476 inobedientiae
1569 3409 1912 3490 incurrere,
1984 3409 2099 3494 qui
2164 3407 2365 3496 quasi
2434 3409 2643 3474 scelus
2706 3415 2797 3474 est
2826 3417 2847 3462 1
2878 3411 3009 3462 Sam.
3034 3429 3117 3464 xv.

717 3515 1112 3582 idololatrioe
1161 3521 1222 3582 et
1263 3511 1642 3582 ariolandi.
1737 3513 1993 3578 Iterum
2036 3513 2109 3576 in
2154 3513 2281 3578 alia
2326 3513 2631 3578 decretali
2676 3513 2797 3578 sub
2822 3487 2901 3530 23'

717 3619 1238 3684 interminatione
1307 3617 1748 3684 anathematis
1791 3617 2145 3696 inhibetur,
2210 3617 2441 3702 nequis
2504 3615 2797 3682 sacerdos

719 3721 986 3786 officium
1057 3721 1298 3786 habeat
1317 3719 1344 3756 2
1417 3721 1820 3786 vicecomitis
1893 3723 2013 3786 aut
2088 3721 2421 3808 praepositi
2482 3721 2799 3786 secularis

721 3825 962 3890 Iterum
1007 3825 1134 3888 alia
1177 3825 1516 3890 decretalis
1561 3825 1866 3910 prohibet
1907 3847 1995 3890 ne
2032 3825 2377 3912 quisquam
2424 3823 2801 3888 clericorum

721 3949 1002 3990 exercere
1043 3933 1400 4012 praesumat
1445 3927 1926 4014 procurationes
1974 3927 2295 4006 villarum,
2344 3931 2463 3990 aut
2496 3925 2807 4010 jurisdic-

719 4031 916 4094 tiones
1007 4029 1204 4094 etiam
1267 4028 1588 4096 seculares
1663 4029 1786 4096 sub
1861 4029 2189 4116 aliquibus
2252 4029 2657 4116 principibus
2732 4035 2803 4096 et

725 4131 1104 4196 secularibus
1147 4131 1328 4212 viris,
1397 4139 1478 4200 ut
1533 4131 1886 4218 justitiarii
1950 4155 2171 4198 eorum
2232 4133 2415 4198 fiant.
2538 4133 2613 4198 Si
2656 4137 2803 4218 quis

719 4239 926 4298 autem
955 4235 1260 4306 adversus
1287 4235 1430 4302 haec
1457 4237 1766 4302 advenire
1799 4235 2237 4322 temptaverit,
2258 4237 2343 4302 ab
2378 4236 2801 4304 ecclesiastico

719 4337 1064 4404 ministerio
1107 4339 1226 4404 fiat
1283 4339 1582 4422 alienus3
1649 4339 1985 4426 religiosiS,
2052 4339 2107 4404 si
2168 4339 2509 4428 quisquam
2576 4365 2801 4408 eorum

719 4443 952 4528 aliquid
983 4443 1442 4530 praedictorum
1471 4443 1983 4528 attemptaverit,
2030 4443 2385 4508 districtius
2436 4445 2799 4530 puniendis,

801 4545 964 4612 Cum
1007 4545 1212 4632 igitur
1267 4547 1580 4612 adversus
1637 4545 1934 4612 naturale
1986 4545 2097 4632 jus
2148 4551 2219 4610 et
2286 4547 2587 4612 divinum
2636 4549 2805 4612 nulli

785 4773 794 4804 ¹
823 4773 916 4826 Ox,
941 4773 1120 4826 inserts
1139 4789 1256 4826 sum.
1783 4767 1794 4830 Ι
1887 4767 1908 4798 ²
1937 4765 2143 4832 habeat]
2180 4779 2277 4818 om.
2302 4763 2531 4902 C.C.C.2

2402 4859 2447 4904 Ο
