3875 5734
1039 789 1166 850 130
1679 805 1967 854 ROBERTI
2012 807 2459 854 cuossu'rssrss

1041 987 1398 1072 spontanea
1461 983 1718 1072 largitio
1783 987 2081 1054 beneficii
2140 985 2519 1074 prima-rium
2588 981 2969 1070 largitorem,
3010 991 3085 1052 ut

1045 1089 1244 1156 sentit
1301 1089 1736 1178 philosophus,
1799 1093 2135 1158 constituit
2204 1091 2285 1158 ad
2352 1089 2661 1176 ampliora
2724 1089 3083 1170 debitorem,

1039 1195 1178 1283 jam
1223 1217 1354 1260 non
1401 1196 1606 1262 solum
1651 1197 1836 1284 quasi
1879 1203 2307 1284 spontaneum
2354 1195 2735 1260 beneficium
2796 1197 2933 1260 tota
2990 1195 3089 1262 de-

1049 1299 1314 1366 votione
1383 1301 1754 1388 suppliciter
1817 1323 2169 1380 exoramus,
2238 1301 2353 1366 sed
2406 1299 2601 1366 etiam
2646 1299 2827 1386 quasi
2868 1301 3095 1366 consti-

1055 1409 1280 1470 tutum
1349 1405 1708 1494 debitorem
1749 1427 1864 1470 vos
1909 1405 2381 1494 interpellando
2444 1407 2875 1484 coarctamus3
2946 1425 3091 1490 qua-

729 1507 908 1626 ᾏὲἆᾶθ
1061 1515 1250 1578 tenus
1325 1511 1604 1596 negotiis
1673 1509 1910 1578 nostris
1986 1509 2401 1598 expediendis
2458 1531 2573 1596 per
2632 1507 2695 1574 S.
2714 1523 2745 1556 a
2816 1509 3099 1576 clericum

785 1593 808 1624 r
845 1593 920 1626 ω’
1061 1621 1376 1696 nostrum,
1419 1617 1690 1682 latorem
1733 1617 2163 1704 praesentium,
2196 1619 2429 1682 vestrae
2476 1613 2839 1680 discretioni
2866 1613 3101 1702 plenius

1061 1721 1478 1808 exponendis,‚
1545 1719 1880 1788 consilium
1956 1725 2023 1784 et
2094 1719 2411 1784 auxilium
2452 1717 2743 1786 tantum¹
2820 1725 3105 1808 praestare

1061 1827 1286 1892 taliter
1343 1825 1578 1904 velitis,
1645 1829 1726 1892 ut
1787 1825 1977 1890 illum
2022 1825 2233 1890 zelum
2276 1825 2643 1890 animarum
2688 1847 2817 1912 quo
2874 1845 3123 1914 genera,-

1061 1931 1214 1998 liter
1265 1929 1532 1998 fervetis
1599 1929 1670 1994 in
1737 1929 2029 1994 omnium
2098 1931 2383 1994 filiorum
2426 1929 2815 1996 universalis
2874 1929 3137 1996 ecclesiae

1061 2037 1356 2116 salutem,
1403 2055 1520 2100 nos
1581 2039 1650 2098 et
1695 2033 1816 2098 filii
1863 2035 2157 2112 ecclesiae,
2208 2035 2395 2100 nobis
2440 2035 2595 2100 licet
2636 2035 2921 2122 indignis
2978 2057 3137 2100 com-

1059 2139 1290 2220 missae,
1323 2137 1604 2204 efficacia
1645 2137 1906 2226 speciali
1950 2139 2303 2204 sentiamus
2334 2139 2525 2204 nobis
2568 2139 2881 2226 profuisse
2908 2163 2921 2220 3
2966 2145 3029 2204 et
3070 2163 3141 2206 eo

1061 2243 1118 2308 si
1175 2245 1406 2332 placet,
1475 2241 1808 2322 efficacius,
1877 2265 2025 2330 quo,
2092 2247 2259 2310 teste
2330 2243 2487 2322 Dec,
2558 2265 2693 2310 non
2736 2243 2913 2310 aliud
2958 2265 3139 2330 quam

1059 2347 1340 2414 salutem
1385 2347 1758 2412 animarum
1801 2349 1874 2412 in
1921 2349 2253 2414 dictorum
2298 2347 2713 2436 negotiorum
2740 2347 3141 2436 expeditione

1061 2455 1458 2540 quaerimus3
1521 2475 1957 2542 rogamusque
2020 2459 2165 2520 toto
2232 2453 2473 2520 affectu
2534 2457 2823 2520 vestram
2868 2452 3145 2520 dilectio-

1057 2579 1228 2640 nem,
1297 2579 1498 2646 quam
1573 2559 1868 2646 gratuito
1937 2559 2081 2624 sine
2142 2559 2387 2624 nostris
2432 2557 2683 2623 meritis
2726 2579 2845 2624 nos
2884 2579 3143 2644 praeam-

1057 2661 1438 2750 plexantem
1483 2661 1766 2728 brachiis
1833 2667 2075 2730 vestrae
2104 2661 2507 2742 dilectionis,
2556 2667 2877 2748 quantum
2894 2661 2921 2698 ²
2982 2665 3145 2730 arcte

1061 2789 1406 2856 possumus
1471 2765 1544 2830 in
1617 2767 1884 2834 Christo
1954 2769 2493 2856 reamplexamur‚
2564 2773 2889 2854 quatenus
2960 2769 3015 2832 si
3082 2767 3147 2832 in

1059 2871 1498 2958 petitionibus
1567 2871 1812 2936 nostris
1889 2871 2139 2958 aliquid
2214 2871 2759 2958 reprehenderitis
2830 2871 2999 2958 quod.
3082 2871 3149 2934 in

1061 2975 1342 3040 salutem
1413 2975 1784 3042 animarum
1829 2999 1965 3042 non
2008 2977 2325 3064 proficiat,
2388 2977 2555 3040 illud
2608 2981 2901 3064 amputet
2944 2979 3149 3040 vestra

1061 3081 1382 3160 discretio,
1457 3081 1810 3168 proculque
1879 3081 2139 3160 abiciat,
2210 3103 2359 3146 cum
2432 3081 2787 3168 plurimum
2862 3081 3151 3146 dedeceat

1061 3185 1432 3272 episcopum
1481 3207 1722 3266 curare,
1787 3183 1892 3250 vel
1937 3185 2283 3264 modicum,
2334 3185 2509 3272 quod
2554 3185 2625 3250 in
2666 3185 2937 3250 salutem
2982 3207 3109 3250 non
3128 3183 3153 3220 ²³

1059 3289 1370 3354 intendat
1445 3289 1832 3368 animarum,
1883 3313 2031 3356 cum
2076 3313 2317 3354 nomen
2364 3291 2725 3378 episcopale
2788 3293 3033 3354 resonet
3076 3287 3155 3354 in

1059 3415 1284 3480 supra
1329 3393 1700 3462 intendere.

1954 3589 2275 3654 XXXIX.

793 3759 936 3812 1237.
1075 3735 1244 3804 Viro
1289 3735 1672 3804 venerabili
1725 3735 1810 3804 in
1863 3737 2135 3804 Christo
2202 3739 2561 3806 carissimo
2620 3739 2989 3826 Ranfriczo,
3052 3741 3199 3808 ἀφ’

1241 3843 1436 3910 mim
1483 3843 1698 3932 Papa)
1729 3843 2021 3926 ‘notarim
2070 3843 2403 3912 Robertus
2436 3843 2889 3930 permissione
2922 3843 3157 3912 divina

1237 3947 1766 4016 L¹22ncolniensi8
1833 3951 2119 4016 ecclesioe
2178 3951 2505 4016 minister
2548 3949 2841 4016 humilis
2886 3951 3159 4018 salutem

1239 4061 1298 4120 ct
1347 4053 1700 4122 sincerum
1741 4053 1830 4120 in
1873 4053 2181 4122 Domino
2228 4053 2541 4122 emutatis
2586 4055 2907 4140 affectum.

719 4171 998 4292 ssffiguest
1153 4195 1228 4260 Si
1299 4197 1380 4260 de
1445 4197 1734 4262 nominis
1797 4197 2007 4262 vestri
2084 4197 2287 4260 titulo
2358 4197 2581 4284 aliqua
2644 4197 2991 4276 omisimUS‚
3054 4201 3161 4260 aut

715 4311 886 4374 pope's
905 4329 998 4366 no·
1055 4321 1190 4364 non
1253 4307 1430 4368 recte
1497 4301 1892 4388 scripsimus,
1962 4323 2097 4366 non
2176 4301 2465 4388 imputet
2526 4299 2649 4366 hoc
2710 4299 2899 4366 nobis
2958 4305 3165 4364 vestra

1121 4605 1134 4634 ¹
1173 4605 1384 4674 tantum]
1427 4623 1524 4656 om.
1553 4607 1748 4670 C.C.C.‚
1775 4609 1874 4662 Ox.
2230 4611 2249 4638 ³
2282 4607 2361 4660 vel
2380 4647 2391 4658 .
2418 4647 2433 4660 .
2458 4647 2469 4660 .
2496 4609 2617 4674 non]
2642 4609 2745 4660 For
2760 4607 2861 4658 this
2874 4609 3055 4656 Brown
3068 4605 3155 4654 has

2164 4689 2301 4752 nihil,
2352 4689 2427 4740 vel
2472 4689 2717 4752 modicum,
2770 4691 2867 4738 nisi
2928 4687 3049 4752 quod
3114 4685 3159 4734 in

1117 4773 1138 4800 ²
1161 4767 1420 4838 quantum]
1461 4785 1624 4836 quam,
1649 4769 1754 4824 Sid.
2160 4769 2365 4822 salutem
2390 4793 2407 4834 3
2436 4771 2637 4830 O.C.e.‚
2664 4773 2759 4822 Ox,
2788 4769 2911 4818 omit
2934 4785 3037 4818 non.
