3875 5734
1061 801 1190 870 426
1711 817 2005 870 ROBERTI
2052 815 2509 868 enossnmsrn

1061 995 1300 1062 delicta
1371 997 1718 1086 plusquam
1785 999 2021 1064 delicta
2100 997 2429 1062 minorum
2494 993 2839 1062 offendunt
2910 997 3141 1068 Deum,

1061 1101 1498 1168 dehonestant
1559 1103 1910 1186 ecclesiam,
1974 1107 2045 1170 et
2088 1099 2505 1192 perniciosius
2570 1099 2941 1188 exemplum
2982 1123 3147 1188 prae-

1063 1209 1248 1272 stant
1291 1205 1674 1272 minoribus.

731 1327 872 1380 Even
1151 1309 1448 1374 Ponatur
1535 1309 1734 1376 etiam
1823 1309 1999 1396 quod
2072 1331 2295 1374 omnes
2358 1327 2649 1396 personae
2724 1307 2805 1374 de
2862 1305 3141 1392 capitulo

731 1397 982 1530 {2335
1065 1433 1316 1500 semper
1359 1413 1574 1480 forent
1631 1413 2125 1494 honestissimae,
2172 1413 2379 1478 adhuc
2424 1413 2687 1498 egerent
2730 1409 3143 1494 visitatione3

731 1533 918 1610 always
941 1545 1006 1596 go
1063 1515 1368 1604 possibile
1429 1521 1532 1584 est
1595 1539 1874 1602 namque
1942 1539 2049 1582 eas
2112 1515 2499 1602 delinquere.
2588 1513 2859 1602 Sapiens
2922 1517 3139 1580 autem

729 1599 992 1730 ξῇξξᾞξὲ
1067 1621 1354 1686 medicus
1415 1641 1554 1686 non
1615 1621 1826 1686 solum
1869 1619 2103 1686 visitat
2164 1623 2577 1704 aegrotantes,
2646 1619 2759 1684 sed
2826 1621 2893 1684 et
2952 1641 3139 1684 sanos

725 1749 792 1796 go
815 1743 1002 1796 wrong,
1063 1745 1198 1788 suae
1241 1743 1412 1788 curae
1459 1723 1842 1800 commissos,
1889 1727 1965 1788 ut
2008 1743 2127 1808 per
2168 1723 2561 1788 medicinam
2602 1721 3135 1808 praeservativam

719 1801 824 1916 ἓξὲξ
837 1801 1032 1932 ζὲξῇξιῖθ
1055 1827 1140 1890 ab
1213 1827 1602 1914 aegritudine
1679 1831 1746 1892 et
1819 1825 2127 1892 sanitatis
2202 1827 2733 1904 conservativam,
2784 1825 3127 1892 sanitatem

719 1933 968 1986 visitation
1049 1929 1284 1996 reddat
1325 1929 1736 1996 stabiliorem.
1829 1929 1941 1996 Sic
1982 1933 2053 1996 et
2092 1929 2409 2016 praelatus
2436 1931 2799 1996 animarum
2842 1931 3123 1996 medicus

713 2001 914 2064 tokeep
1523 2033 1592 2046 ..
1845 2031 1916 2046 ..
2926 2033 2997 2048 ..
3102 2035 3115 2046 .

709 2069 842 2120 them
863 2067 1016 2134 right.
1043 2053 1180 2096 non
1219 2031 1424 2096 solum
1469 2037 1700 2098 vlsitat
1763 2031 2145 2118 spirit-ahter
2208 2037 2615 2118 {egrotantes
2654 2031 2779 2096 -sed
2844 2033 3117 2118 spiritali

1033 2133 1318 2198 sanitate
1361 2133 1674 2220 vigentes,
1725 2139 1804 2200 ut
1855 2133 2141 2222 spiritali
2206 2135 2529 2202 medicina
2554 2133 2573 2172 ¹
2618 2141 2969 2222 praeservet
3030 2137 3111 2202 ab

1025 2235 1416 2322 aegritudine
1479 2235 1702 2304 futura
1765 2241 1832 2304 et
1899 2239 2241 2304 inventam
2308 2239 2661 2304 sanitatem
2724 2241 2955 2306 reddat
2998 2241 3105 2304 fir-

1023 2343 1308 2406 miorem.
1399 2341 1490 2406 Et
1557 2349 1634 2408 ut
1695 2367 1840 2408 eam
1901 2341 2223 2430 producat
2288 2343 2365 2408 in
2430 2343 2657 2422 lucem,
2706 2367 2853 2410 cum
2916 2367 2993 2412 ea
3032 2345 3107 2410 in

1021 2445 1164 2508 luce
1229 2445 1546 2528 producta
1605 2467 1750 2510 eam
1811 2445 2281 2532 aspicientibus
2346 2445 2435 2510 sit
2480 2445 2709 2512 efficax
2772 2447 3105 2524 medicina,

1023 2551 1400 2634 quantoque
1441 2549 1718 2634 majores
1763 2553 1922 2614 sunt
1982 2549 2099 2636 qui
2158 2571 2277 2636 per
2318 2547 2767 2616 visitationem
2784 2547 2811 2586 2
2852 2547 3107 2616 inventi

1023 2655 1180 2716 sunt
1239 2651 1400 2730 sani,
1445 2655 1636 2718 tanto
1703 2673 1926 2718 eorum
1992 2651 2237 2716 sanitas
2298 2651 2577 2718 inventa
2596 2651 2623 2690 3
2668 2656 2737 2717 et
2798 2675 2913 2738 per
2952 2651 3107 2718 visi-

1021 2757 1304 2820 tatorem
1371 2755 1728 2842 propalata,
1773 2755 1920 2820 aliis
1982 2753 2261 2820 efficitur
2322 2759 2463 2820 tam
2510 2755 2915 2840 aegritudinis
2956 2777 3105 2842 pur-

1025 2859 1254 2946 gativa
1299 2881 1496 2946 quam
1541 2859 1842 2924 sanitatis
1873 2857 2327 2930 conservativa
2346 2857 2375 2896 4
2416 2857 2733 2924 efficacior
2774 2859 3101 2924 medicina.

1031 2961 1422 3050 Magnitudo
1511 2961 1718 3050 igitur
1805 2983 2343 3050 quorumcunque
2416 2983 2553 3026 non
2614 2965 2713 3028 est
2784 2963 2949 3030 ratio
3024 2967 3103 3028 ut

1031 3065 1290 3132 visitari
1351 3087 1488 3132 non
1549 3069 1868 3148 debeant;
1942 3065 2055 3132 sed
2120 3069 2577 3154 argumentum
2634 3065 3103 3132 validissimum

1033 3169 1208 3254 quod
1251 3191 1386 3256 pree
1429 3169 1574 3234 aliis
1617 3171 1878 3234 visitari
1919 3171 2221 3234 debeant.
2310 3169 2385 3236 Si
2410 3169 2781 3234 libertatem
2824 3171 3105 3256 allegant

1033 3277 1112 3336 ut
1173 3293 1310 3336 non
1373 3271 1742 3350 visitentur,
1811 3293 2031 3358 quaero
2098 3277 2325 3338 utrum
2384 3293 2537 3338 oves
2600 3273 2737 3338 sint
2778 3271 3103 3338 liberiores

1033 3399 1178 3462 quae
1253 3397 1296 3440 a
1361 3379 1618 3462 pastore
1679 3375 2055 3454 visitantur,
2124 3379 2461 3462 reguntur,
2526 3380 2595 3442 et
2658 3379 3099 3462 proteguntur,

1029 3501 1116 3544 an
1177 3501 1340 3564 quae,
1405 3481 1484 3542 ut
1543 3477 1726 3558 libet,
1771 3483 2181 3568 evagantur?
2268 3477 2511 3564 Angeli
2572 3479 2687 3566 qui
2748 3477 3105 3544 confirmati

1025 3603 1288 3666 peceare
1361 3601 1494 3646 non
1565 3586 1858 3668 possunt,
1933 3583 2241 3670 nunquid
2310 3605 2445 3648 non
2518 3587 2671 3648 sunt
2736 3581 3105 3648 hominibus

1025 3685 1352 3750 liberiores
1395 3685 1512 3772 qui
1553 3707 1816 3774 peccare
1861 3691 2179 3774 possunt?
2266 3687 2361 3752 Et
2420 3687 2477 3752 si
2538 3687 2759 3774 angeli
2800 3687 2919 3754 hoc
2964 3687 3103 3776 ipso

1023 3791 1182 3852 sunt
1223 3787 1598 3854 hominibus
1641 3787 1989 3870 liberiores,
2034 3813 2189 3878 ergo
2232 3791 2403 3856 inter
2460 3791 2753 3858 homines
2812 3791 2909 3858 illi
2952 3797 3105 3858 sunt

1023 3891 1358 3958 liberiores
1377 3889 1404 3926 ⁶
1477 3893 1592 3978 qui
1663 3915 1704 3958 a
1775 3893 2055 3980 peccatis
2118 3893 2337 3982 plures
2402 3897 2471 3962 et
2534 3895 2805 3982 majores
2860 3897 3105 3964 habent

1023 4001 1498 4062 conservatores
1541 4003 1610 4064 et
1655 3999 2025 4064 coertiones.

691 4105 860 4190 When
881 4107 962 4158 the
1115 4099 1638 4186 Quotiescunque
1711 4101 1898 4166 venit
1974 4101 2307 4188 episcopus
2344 4157 2347 4162 .
2382 4101 2467 4168 ad
2532 4101 2859 4170 ecclesiam
2918 4125 3099 4170 suam

691 4173 872 4302 ffisssssp
879 4249 932 4292 to
1025 4203 1106 4268 de
1151 4201 1370 4290 aliquo
1409 4203 1550 4270 loco
1615 4209 1802 4270 extra
1867 4205 2205 4272 civitatem
2258 4227 2461 4286 suam,
2508 4205 2703 4274 debet
2744 4207 2985 4294 pulsari
3026 4209 3103 4274 in·

693 4315 774 4374 his
795 4307 1000 4374 church,
1023 4305 1168 4394 ipsa
1227 4305 1490 4374 ecclesia
1553 4309 1628 4374 in
1685 4309 1892 4398 ipsius
1954 4307 2247 4374 adventu
2304 4309 2391 4376 ad
2454 4331 2595 4374 eam
2638 4311 2775 4376 sive
2820 4311 3099 4376 transitu

1089 4581 1106 4610 ¹
1141 4577 1400 4644 medicina]
1439 4593 1536 4630 om.
1559 4581 1702 4632 Trin.
2180 4577 2199 4606 ⁴
2222 4575 2577 4640 conservativa]
2610 4575 2887 4640 purgativa,
2910 4575 3047 4626 Trin-

1091 4661 1112 4692 ²
1145 4659 1484 4728 visitationem]
1519 4659 1778 4726 visionem,
1799 4657 1977 4714 0013.
2108 4665 2111 4668 ’
2176 4657 2195 4686 ⁵
2226 4671 2333 4720 erqo
2356 4691 2369 4704 .
2400 4691 2411 4704 .
2436 4665 2451 4706 ·.
2474 4653 2741 4720 liberiores]
2780 4669 2875 4704 0111.
2898 4651 3093 4712 0⁴00»,

1089 4745 1110 4776 ³
1143 4743 1362 4812 inventa]
1397 4757 1496 4800 om.
1521 4743 1730 4814 O.C.O2.
2114 4735 2353 4802 (lo-02„
2376 4733 2531 4784 Trim-
