3875 5734
1051 813 1180 876 334
1691 821 1983 870 ROBERTI
2030 821 2489 898 GRQSSETESTE

1976 1157 2219 1228 CXIV.

809 1337 952 1384 1245·
1055 1329 1394 1414 Robe‘r‘tuS,
1457 1333 1592 1400 Desa
1647 1335 1876 1422 qratia
1919 1333 2431 1402 Limozniensis
2458 1333 2851 1420 Episcopm,
2908 1333 3141 1402 dilecto

719 1467 740 1490 a
763 1455 998 1536 william
1233 1437 1368 1504 sibi
1393 1437 1480 1504 in
1515 1437 1776 1506 Christo
1805 1437 2049 1504 Fratri
2070 1455 2103 1486 a
2130 1439 2213 1504 M
2208 1437 2527 1504 inisterio
2556 1437 2889 1504 Fratrum
2916 1439 2997 1502 M
2994 1437 3139 1504 ino-

719 1523 1032 1642 ffinnoung·
1233 1563 1398 1608 rum
1455 1541 1542 1608 ‘ln
1583 1541 1870 1628 Αἠρῑία,
1919 1541 2207 1608 salutem
2258 1547 2319 1608 ct
2360 1539 2709 1608 sincerum
2734 1539 2823 1608 ‘in
2850 1539 3141 1608 Domino

1235 1645 1546 1714 caritatis
1589 1651 2055 1734 caymentum.
2108 1709 2115 1714 .

721 1821 1036 1872 AsFr.John
1149 1807 1358 1874 Veros
1423 1827 1558 1872 non
1631 1805 1936 1872 molestat
1988 1803 2247 1886 amicOS,
2324 1805 2441 1872 sed
2506 1803 2715 1894 magis
2760 1803 3143 1886 consolatur,

719 1887 1040 2004 ζξὲῒξξὲῗῖᾶ
1067 1911 1374 1998 quicquid
1417 1911 1742 1994 sapienter
1773 1915 1844 1974 et
1885 1909 2237 1974 salubriter
2284 1907 2577 1994 disponit
2608 1909 2679 1974 Is
2700 1905 2719 1944 ¹
2772 1931 2963 1994 quem
2992 1931 3145 1974 vera

723 2021 876 2070 taken
893 2019 952 2070 ill
971 2035 1036 2070 on
1061 2013 1352 2076 amicitia
1379 2011 1868 2096 complectimur
1885 2011 1953 2094 23
1998 2015 2395 2098 quapropter
2440 2033 2587 2076 cum
2630 2013 2773 2076 veri
2804 2013 2947 2076 sitis
2974 2033 3147 2076 ama-

719 2087 970 2214 ἱῖῗῃξᾶζθ
1057 2119 1232 2180 tores
1261 2119 1332 2180 et
1373 2115 1568 2180 amici
1613 2115 1756 2194 Dei,
1805 2135 1941 2180 non
1988 2121 2209 2202 potest
2252 2137 2369 2180 vos
2418 2115 2763 2202 quicquam
2810 2115 3145 2180 molestare

723 2223 846 2286 begs
867 2221 978 2270 that
1055 2219 1230 2302 quod
1307 2217 1460 2304 Ipso
1525 2219 1606 2284 fit
1673 2219 2031 2284 ordinante.
2126 2217 2343 2304 Ipsius
2418 2225 2637 2284 autem
2712 2219 3141 2306 providentia,

719 2289 806 2338 Fr.
817 2289 966 2338 Peter
979 2285 1040 2338 of
1433 2321 1446 2336 .
1689 2323 1702 2336 .
2034 2321 2047 2336 .
2222 2321 2235 2336 .
2718 2323 2733 2336 .

723 2355 962 2406 Tewkes-
1053 2343 1200 2406 quae
1271 2343 1494 2386 omma
1569 2327 1894 2410 sapienter
1984 2321 2275 2410 dlspomt
2348 2325 2419 2388 et
2490 2323 2857 2402 salubriter,
2946 2321 3145 2388 frater

719 2425 858 2540 332}
857 2439 992 2538 31³5
1053 2423 1406 2506 Johannes,
1481 2427 1692 2492 socius
1731 2425 1957 2492 fratris
2016 2427 2199 2506 Adae,
2276 2427 2531 2492 laborat
2604 2431 2943 2512 quartana,
3018 2447 3147 2510 qua

719 2557 842 2606 with
863 2571 958 2606 one
973 2571 1032 2608 οι·
1053 2533 1366 2616 aegrotare
1409 2529 1658 2616 incepit
1685 2529 1756 2594 in
1811 2529 2031 2596 reditu
2078 2535 2305 2596 nostro
2350 2529 2529 2618 apud
2578 2529 2907 2608 Belmanlg
2954 2549 3141 2616 quem

717 2625 1030 2742 ssogkffiars
1055 2631 1282 2698 djebus
1313 2631 1840 2720 interpolationis
1869 2633 2183 2700 duximus
2214 2655 2421 2720 usque
2450 2633 2535 2698 ad
2556 2633 2841 2722 Nogent,
2866 2637 2931 2698 et
2958 2631 3137 2696 illinc

719 2759 904 2826 charge
927 2761 986 2812 of
1055 2759 1172 2826 per
1217 2759 1454 2826 aquam
1513 2737 1818 2804 Secanaee
1875 2759 2081 2826 usque
2126 2737 2421 2804 Parisius
2480 2735 2753 2804 fecimus
2816 2761 2963 2804 eum
3028 2757 3143 2802 nos

719 2827 842 2878 him.
1055 2841 1416 2928 praecedere
1441 2869 1460 2924 3
1505 2843 1662 2930 quia
1703 2847 1926 2908 autem
1954 2865 2091 2908 non
2118 2841 2473 2908 videbatur
2502 2840 2693 2908 nobis
2722 2865 2933 2928 neque
2958 2839 3143 2904 fifatri

719 2921 742 2952 b
763 2919 986 2974 Beaune.
1055 2943 1222 3012 Adae
1265 2967 1584 3026 securum,
1631 2945 1804 3032 quod
1853 2949 2233 3032 sequeretur
2278 2967 2397 3012 nos
2448 2945 2605 3012 inde
2668 2967 2891 3012 versus
2950 2965 3139 3022 mare,

719 3013 876 3136 ἓξὲξ
1055 3069 1172 3114 1100
1231 3051 1408 3134 quod
1469 3049 1754 3114 Parisius
1817 3053 2187 3116 moraretur
2226 3051 2497 3136 propter
2558 3049 2723 3114 aeris
2786 3049 2961 3114 illius
3024 3045 3145 3112 loci

1055 3153 1472 3218 infectionem
1517 3175 1652 3220 non
1705 3151 2045 3232 salubrem,
2108 3153 2423 3240 elegimus
2466 3157 2547 3218 ut
2590 3175 2705 3240 per
2748 3173 2979 3238 aquam
3022 3153 3147 3216 iret

723 3259 746 3288 ‘¹
769 3261 962 3316 Rouen.
1059 3255 1542 3344 Rothomagum
1555 3255 1606 3338 d,
1653 3255 1852 3322 fi'atre
1883 3255 2143 3322 Adamo
2188 3279 2391 3342 usque
2436 3255 2593 3322 illuc
2638 3255 2913 3322 eundem
2956 3255 3145 3322 comi-

1055 3365 1256 3440 tante,
1289 3361 1404 3446 qui
1431 3361 1616 3426 nullo
1643 3361 1834 3426 modo
1863 3359 2079 3426 voluit
2106 3359 2191 3426 ab
2220 3365 2583 3450 aegrotante
2612 3363 2919 3440 recedere,
2950 3361 3147 3426 donec

1055 3465 1232 3530 notis
1277 3465 1402 3530 sibi
1445 3465 1758 3530 fratribus
1805 3465 1880 3528 in
1923 3465 2065 3530 loco
2112 3465 2361 3530 salubri
2426 3465 2613 3528 illum
2678 3463 3093 3530 commisisset
3126 3489 3143 3546 3

1055 3573 1124 3636 et
1169 3567 1262 3636 sic
1307 3567 1392 3634 ad
1435 3591 1612 3636 mare
1657 3569 1926 3634 tandem
1988 3569 2181 3636 nobis
2248 3573 2649 3650 occurreret3
2722 3573 3143 3634 veruntamen

725 3673 746 3696 ⁰
767 3669 986 3720 Mantes.
1055 3697 1204 3740 cum
1247 3673 1586 3738 venissent
1629 3673 1714 3738 ad
1757 3675 1989 3740 urbem
2040 3695 2187 3760 quae
2230 3679 2505 3740 vocatur
2548 3673 2793 3750 Manta,
2812 3687 2839 3720 e
2898 3673 3142 3740 invale-

977 3851 980 3856 ,
1057 3783 1272 3844 scente
1319 3777 1658 3844 debilitate
1721 3777 1880 3844 dicti
1948 3777 2169 3844 fratris
2214 3777 2261 3844 J
2264 3777 2557 3858 ohannis,
2602 3801 2739 3844 non
2784 3801 2977 3844 ausus
3018 3777 3143 3844 fuit

911 3875 924 3884 ’
1055 3881 1258 3948 frater
1307 3881 1458 3946 Ada
1517 3879 1708 3946 illum
1765 3881 2053 3948 ulterius
2112 3881 2361 3960 ducere,
2426 3903 2547 3948 1100
2616 3887 2883 3968 propter
2946 3881 3143 3968 ipsius

1059 3983 1472 4050 debilitatem
1515 3987 1600 4050 ab
1645 3985 1784 4074 ipso
1831 3987 2143 4064 recedere,
2206 3991 2289 4050 ut
2350 3985 2541 4050 nobis
2604 3979 2955 4050 secundum
2996 4009 3141 4052 con-

1059 4089 1310 4156 dictum
1355 4095 1718 4156 occurreret
1745 4113 1762 4170 3
1853 4089 2009 4176 quia
2082 4089 2295 4178 igitur
2366 4089 2543 4176 apud
2616 4089 2859 4156 dictam
2922 4091 3141 4158 urbem

1059 4193 1360 4260 Mantam
1435 4193 1626 4260 ambo
1701 4197 2177 4274 remanserunt,
2256 4193 2697 4282 supplicamus
2770 4195 2945 4260 omni
3018 4217 3143 4282 qua

1055 4321 1394 4384 possumus
1483 4299 1845 4377 affectione,
1960 4299 2271 4384 quatinus
2348 4299 2619 4364 fratrem
2712 4297 2977 4364 Petrum
3064 4299 3141 4364 de

1057 4399 1478 4468 Theokebure
1507 4425 1658 4468 cum
1703 4401 1922 4488 aliquo
1952 4401 2063 4466 vel
2106 4401 2433 4488 aliquibus
2478 4401 2797 4468 fratribus
2838 4401 2951 4488 qui
2996 4425 3135 4466 cum

1553 4677 1570 4708 ¹
1603 4677 1676 4744 is]
1713 4677 1800 4740 eie,
1821 4675 2001 4728 G.C.c.

1547 4757 1570 4790 2
1599 4757 1971 4826 complectimur]
2010 4755 2415 4824 complectuntur,
2438 4753 2635 4818 c.0.0.,
2658 4755 2757 4808 Ox.
