3875 5734
1655 829 2019 882 EPIS‘roLAE.
2752 817 2883 886 269

881 1005 1046 1070 Cum
1091 1003 1298 1090 igitur
1327 1003 1768 1070 ministerium
1813 1029 1989 1072 curae
2020 1005 2365 1092 pastoralis
2392 1007 2697 1072 omnibus
2740 1007 2885 1072 aliis
2908 1017 2991 1070 He
3004 1019 3207 1070 exhorts

789 1107 1168 1172 ministeriis
1213 1107 1304 1170 sit
1347 1107 1788 1188 excellentius,
1835 1107 2143 1186 nobilius,
2188 1109 2433 1188 utilius,
2480 1133 2553 1174 ac
2598 1107 2887 1172 maxime
2908 1085 3135 1202 31³1?ssss

787 1209 1240 1288 necessarium,
1307 1209 1548 1276 elector
1621 1201 1934 1296 pastoris1
1984 1209 2351 1276 animarum
2394 1211 2697 1278 omnibus
2760 1213 2885 1276 erit
2908 1217 3199 1270 Missenden

787 1311 1094 1398 iniquior,
1157 1315 1228 1376 et
1271 1311 1432 1392 Dec,
1505 1313 1766 1398 angelis,
1835 1317 1906 1378 et
1974 1311 2351 1378 hominibus
2418 1313 2885 1392 detestabilior,
2906 1291 2967 1398 ἕξ
2982 1285 3169 1414 ἓξὲξ
3190 1301 3223 1336 ³

791 1417 904 1502 qui
975 1419 1306 1502 pastorem
1381 1413 1570 1500 eligit
1657 1413 1788 1478 nisi
1875 1437 2073 1500 quem
2148 1413 2235 1478 ad
2308 1435 2479 1478 curae
2544 1415 2885 1500 pastoralis
2906 1417 2987 1466 for
3008 1419 3171 1468 abbat.

789 1517 1242 1596 ministerium,
1289 1519 1616 1604 quantum
1657 1517 1969 1604 possibile
2016 1521 2115 1584 est
2156 1517 2465 1584 humanae
2522 1515 2883 1602 fragilitati,
2908 1497 3195 1632 {3233}ss

785 1625 1228 1708 perscrutatus
1271 1621 1472 1686 fuerit
1517 1621 1838 1686 idoneum.
1935 1619 2109 1700 Quia
2170 1619 2395 1706 itaque
2460 1621 2529 1684 in
2574 1619 2885 1686 electione
2906 1649 3011 1684 was

787 1723 1080 1810 pastoris,
1127 1727 1206 1788 ut
1229 1721 1256 1758 2
1291 1723 1434 1806 jam
1477 1721 1892 1810 perspicuum
1937 1727 2055 1804 est,
2088 1721 2625 1810 periculosissime
2670 1721 2887 1808 quoad
2910 1701 3139 1768 elected]

787 1847 1130 1912 personam
1219 1825 1586 1912 eligendam
1677 1829 1953 1906 erratur,
2022 1847 2171 1890 cum
2258 1825 2635 1910 hujusmodi
2708 1845 2889 1890 error

789 1929 1134 1992 electorem
1223 1933 1292 1994 et
1381 1927 1664 1992 electum
1757 1929 1953 1994 simul
2040 1951 2187 1994 cum
2264 1929 2571 1994 omnibus
2646 1929 2887 2016 quibus

785 2031 1160 2118 praeficitur,
1205 2031 1430 2094 trahat
1473 2031 1548 2096 in
1589 2031 1977 2098 barathrum
2010 2055 2025 2114 3
2070 2037 2309 2098 vestrae
2354 2037 2577 2096 autem
2622 2053 2887 2118 congre-

785 2133 1068 2220 gationis
1131 2133 1352 2198 unitas
1415 2133 1502 2198 sit
1563 2139 1882 2220 tanquam
1927 2135 2167 2200 elector
2210 2135 2487 2220 pastoris
2530 2157 2721 2214 unuS,
2772 2157 2887 2200 vos

787 2235 986 2298 etiam
1061 2235 1210 2300 sitis
1285 2259 1442 2300 oves
1517 2237 1756 2322 quibus
1829 2241 2055 2322 pastor
2118 2241 2219 2300 est
2292 2235 2673 2322 eligendus3
2748 2259 2885 2316 nOS,

785 2343 1128 2424 paternam
1201 2337 1286 2404 de
1373 2337 1562 2404 vobis
1653 2343 1953 2424 gerentes
2042 2337 2545 2418 solicitudinem,
2612 2343 2889 2426 paterno

785 2439 1026 2504 affectu
1049 2461 1172 2504 vos
1217 2439 1534 2526 rogamus,
1567 2461 1920 2518 monemus,
1954 2439 2393 2520 exhortamur,
2438 2463 2529 2520 ac,
2562 2445 2889 2526 quantum

785 2563 1146 2628 possumus,
1193 2541 1616 2628 injungimus,
1661 2545 1742 2606 ut
1803 2543 1892 2606 ad
1954 2547 2283 2628 pastorem
2346 2541 2653 2606 idoneum
2696 2541 2889 2606 vobis

787 2643 1160 2730 eligendum
1201 2665 1324 2730 pro
1367 2643 1622 2708 viribus
1665 2645 1906 2710 vestris
1968 2665 2229 2708 omnem
2274 2643 2619 2730 apponatis
2664 2667 2889 2710 curam

787 2753 854 2812 et
929 2745 1360 2832 diligentiam,
1435 2751 1698 2812 utentes
1771 2745 1846 2808 in
1919 2745 2045 2810 hac
2118 2751 2303 2832 parte
2378 2747 2659 2822 consilio,
2750 2769 2889 2810 non

787 2847 1182 2938 sapientium
1225 2847 1422 2934 hujus
1465 2847 1680 2928 seculi,
1727 2869 2007 2934 quorum
2050 2847 2403 2934 prudentia
2446 2849 2625 2934 apud
2668 2847 2887 2912 Deum

787 2951 1058 3038 reproba
1127 2955 1196 3016 et
1259 2949 1582 3036 sapientia
1649 2951 1868 3030 stulta,
1950 2951 2063 3016 sed
2116 2949 2379 3016 illorum
2440 2951 2553 3036 qui
2622 2949 2889 3038 sapiunt

787 3053 844 3120 J
839 3075 1026 3120 esum
1073 3051 1442 3134 Christum,
1489 3057 1802 3120 aeternam
1847 3055 2057 3140 patris
2100 3053 2507 3140 sapientiam,
2560 3057 2631 3118 et
2672 3051 2755 3118 H
2748 3075 2889 3118 unc
2914 3069 2937 3114 1
2964 3063 3077 3120 Cor.
3100 3067 3155 3120 ii.
3174 3075 3225 3120 2.

785 3157 1208 3242 cvmcfflxwm,
1255 3159 1640 3222 invocantes
1683 3179 1941 3222 summa
1986 3155 2337 3222 devotione
2396 3155 2603 3242 ipsius
2652 3155 2889 3242 gratiae

787 3257 1340 3324 illuminationem
1427 3259 1514 3324 ad
1603 3259 1886 3344 pastoris
1978 3257 2199 3322 idonei
2290 3259 2721 3324 ostensionem
2816 3261 2889 3322 et

785 3361 1342 3446 assumptionem3
1409 3383 1494 3426 ne
1559 3361 1902 3448 contingat
1968 3381 2087 3426 vos
2138 3365 2455 3446 tanquam
2532 3381 2687 3426 oves
2748 3361 2889 3426 sine

787 3467 1046 3546 pastore
1087 3483 1206 3550 per
1249 3463 1532 3550 abrupta
1559 3463 1876 3528 vitiorum
1907 3483 2123 3528 errare
2154 3467 2223 3528 et
2266 3463 2355 3528 ad
2396 3463 2637 3528 inferos
2682 3485 2885 3540 ruere,

787 3563 1008 3648 ibique
1079 3565 1298 3630 reatui
1373 3565 1706 3630 electionis
1781 3587 2027 3654 pravae,
2104 3587 2179 3630 ac
2268 3589 2385 3654 per
2470 3567 2593 3630 hoc
2656 3565 2889 3630 mortis

787 3667 1080 3754 propriae,
1127 3689 1358 3754 poenas
1403 3667 1658 3734 debitas
1701 3669 2103 3734 aeternaliter
2148 3669 2409 3732 solvere.
2502 3667 2889 3754 Recogitate

791 3789 1044 3856 quoque
1107 3793 1306 3856 quam
1373 3769 1720 3858 iudignum
1783 3775 1884 3836 est
1927 3779 2169 3836 vestrae
2236 3771 2619 3858 professioni
2684 3769 2887 3834 etiam

789 3891 1010 3954 porcos
1053 3877 1312 3936 vestros
1355 3873 1638 3958 propriis
1679 3873 2027 3938 animabus
2054 3873 2379 3960 praeferre,
2424 3871 2757 3956 magisque
2802 3873 2889 3936 de

789 3969 944 4056 ipsis
1013 3993 1212 4058 quam
1279 3973 1360 4038 de
1413 3975 1742 4038 vobismet
1805 3995 2049 4038 curare.
2138 3975 2397 4050 Nonne,
2466 3995 2615 4038 cum
2674 3975 2887 4058 porcis

787 4075 1020 4138 vestris
1081 4073 1338 4140 debetis
1405 4077 1748 4162 providere
1815 4077 1898 4142 de
1962 4077 2243 4156 custode,
2290 4097 2439 4142 cum
2502 4077 2681 4142 omni
2740 4099 2887 4164 per-

791 4175 1050 4260 quiritis
1115 4177 1458 4264 diligentia
1511 4179 1714 4244 talem
1777 4179 1894 4264 qui
1956 4179 2181 4264 possit,
2228 4179 2409 4258 sciat,
2454 4185 2527 4244 et
2568 4179 2733 4244 velit
2778 4203 2889 4246 eos

789 4279 860 4342 in
921 4299 1158 4366 pascua
1223 4279 1352 4344 sibi
1417 4281 1844 4366 congruentia
1909 4301 2103 4344 mane
2168 4281 2457 4360 educere,
2504 4285 2571 4344 et
2624 4281 2697 4344 in
2756 4281 2889 4346 illis

787 4401 902 4470 per
941 4381 1114 4446 diem
1163 4403 1440 4468 pascere,
1469 4405 1510 4446 a
1553 4381 1808 4446 furibus
1853 4383 1924 4446 et
1952 4381 2181 4446 bestiis
2226 4383 2509 4446 intactos
2538 4387 2607 4446 et
2648 4383 2889 4448 illaesos

855 4711 872 4742 ¹
899 4707 1144 4780 pastoris]
1181 4705 1458 4772 pastoralis,
1481 4703 1694 4772 O.c.c,.
1837 4701 1850 4770 Ι
1942 4703 1965 4734 ²
1996 4701 2075 4770 ut]
2116 4709 2181 4764 et,
2202 4705 2387 4758 0.0.c.
