3875 5734
1089 801 1216 868 3⁴14
1727 815 2017 870 nonnam
2060 815 2517 870 enossn‘rns'rr.

1087 1017 1202 1062 vos
1233 995 1692 1062 comitaremur
1743 999 1814 1062 et
1857 995 2037 1062 omni
2066 993 2267 1082 digna
2294 999 2487 1062 tanto
2528 1001 2715 1084 patre
2746 995 3153 1062 veneratione

1087 1119 1634 1186 prosequeremur,
1681 1103 1916 1166 vestrae
1962 1099 2375 1186 paternitatis
2418 1099 2827 1166 clementiam
2846 1097 2867 1136 ¹
2916 1105 3159 1186 quanta

1089 1223 1430 1290 possumus
1475 1203 1814 1270 affectione
1865 1203 2311 1290 supplicamus
2368 1203 2679 1290 quatinus
2708 1207 2777 1268 et
2804 1203 3157 1268 absentiam

1091 1311 1382 1374 nostram
1443 1329 1576 1374 non
1651 1307 2107 1390 voluntariam,
2166 1307 2281 1374 secl
2338 1307 2781 1386 necessariam,
2852 1307 3159 1372 instantis

1091 1411 1520 1476 celebratione
1595 1411 1868 1478 Concilii
1925 1431 2079 1498 erga
2154 1411 2493 1476 dominum
2562 1409 2811 1496 Papam
2862 1431 3159 1476 excusare

1091 1515 1470 1602 dignemini,
1549 1519 1620 1578 et
1677 1537 1792 1578 nos
1851 1515 2067 1578 velitis
2130 1515 2367 1578 habere
2428 1519 2767 1578 excusatos
2826 1535 3017 1600 super
3088 1535 3159 1580 eo

1091 1617 1270 1704 quod
1313 1617 1400 1680 ad
1443 1623 1730 1682 vestram
1769 1639 1938 1680 nunc
1988 1639 2121 1682 non
2166 1617 2527 1682 accedimus
2554 1617 2987 1704 praesentiam,
3032 1639 3161 1682 non

1089 1743 1222 1786 uno
1283 1723 1560 1800 tantum,
1623 1719 1738 1784 sed
1793 1717 2087 1806 pluribus
2154 1719 2565 1786 obstantibus
2626 1719 2985 1806 praepediti.
3074 1719 3163 1785 Et

1093 1825 1250 1908 quia
1281 1823 1454 1908 quod
1483 1845 1598 1908 per
1643 1843 1760 1886 nos
1801 1823 1975 1908 ipsos
2004 1845 2139 1888 non
2168 1843 2527 1910 possumus„
2562 1821 2793 1888 saltem
2820 1843 2937 1908 per
2966 1823 3163 1888 alium

1091 1925 1260 1992 sicut
1317 1947 1654 2010 possumus
1711 1923 2031 2012 complere
2100 1925 2553 2004 desideramus
2610 1925 2697 1992 ad
2740 1931 2973 1992 vestrae
3018 1927 3165 1992 mit-
3188 1935 3201 1940 '

1089 2029 1294 2092 timus
1369 2027 1786 2112 paternitatis
1883 2029 2299 2094 sanctitatem
2390 2031 2775 2116 praedictum
2850 2029 2925 2092 R.
2992 2029 3167 2094 cleri-

1091 2151 1240 2196 cum
1299 2133 1594 2194 vestrum
1655 2133 1720 2196 et
1779 2135 2093 2210 nostrum,
2142 2135 2219 2196 ut
2268 2133 2409 2218 ipse
2454 2153 2573 2196 vos
2622 2151 2825 2216 usque
2868 2131 2951 2196 ad
2994 2153 3165 2196 mare

1089 2233 1322 2298 saltem
1403 2235 1770 2312 comitetur,
1855 2235 2295 2320 supplicantes
2356 2235 2599 2298 obnixe
2674 2239 2757 2298 ut
2834 2235 3165 2300 tantillum

1091 2337 1292 2422 ipsius
1373 2337 1756 2422 obsequium
1839 2337 2113 2422 dignum
2172 2337 2427 2402 ducatis
2488 2337 2847 2400 admittere.
2968 2337 3169 2424 Super

1091 2439 1312 2504 omnia
1389 2445 1608 2504 autem
1683 2443 1975 2522 vestram
2038 2459 2379 2504 exoramus
2440 2439 2911 2504 serenissimam
2940 2439 3165 2504 carita-

1091 2547 1246 2622 tem,
1301 2543 1610 2628 quatinus
1665 2563 1816 2628 erga
1859 2563 1979 2606 nos
2032 2549 2337 2628 concepta
2388 2543 2469 2606 ab
2524 2541 2719 2608 initio
2754 2547 2995 2608 nostrae
3024 2565 3165 2628 cog·-

1091 2643 1366 2710 nitionis
1411 2649 1662 2712 mutuae
1709 2643 2001 2730 specialis
2054 2643 2335 2720 dilectio,
2388 2667 2587 2730 quam
2646 2645 2983 2710 evidenter
3026 2667 3165 2732 pro-

1093 2747 1282 2814 bavit
1345 2747 1586 2834 pluries
1649 2769 1916 2834 operum
1996 2747 2333 2826 exhibitio,
2398 2747 2753 2814 secundum
2812 2747 3165 2814 dilectionis

771 2865 792 2908 1
821 2859 934 2914 Cor.
959 2863 1066 2916 xiii.
1093 2857 1406 2916 naturam
1467 2851 1848 2916 continuum
1897 2849 2113 2938 capiat
2156 2849 2647 2928 incrementum,
2682 2851 2883 2916 donec
2922 2849 3167 2916 venerit

767 2933 842 2978 ¹⁰·
1097 2955 1278 3040 quod
1309 2953 1688 3040 perfeetum
1729 2961 1864 3032 es&
1909 2955 2051 3040 ipsa
2100 2955 2273 3018 enim
2312 2957 2553 3018 vestrae
2614 2953 2977 3020 dilectionis
3034 2973 3171 3039 spe·-

1095 3057 1348 3122 cialitas
1403 3057 1528 3120 erit
1579 3057 1772 3120 nobis
1817 3057 1892 3120 in
1937 3057 2223 3120 adversis
2254 3057 2711 3120 fulcimentum
2758 3077 2841 3122 ne
2884 3059 3165 3120 nostram

1093 3159 1548 3226 infirmitatem
1595 3159 1868 3224 adversa
1919 3159 2323 3246 deprimant3
2402 3164 2471 3224 et
2516 3159 2589 3222 in
2640 3159 2959 3246 prosperis
3014 3181 3169 3246 pon-

1093 3265 1234 3342 duS,
1311 3285 1396 3328 ne
1469 3265 1760 3328 nostram
1817 3263 2161 3328 levitatem
2234 3285 2539 3350 prospera
2612 3263 2973 3342 extollant3
3046 3261 3167 3328 erit

1093 3387 1352 3452 quoque
1397 3365 1584 3430 nobis
1613 3363 1686 3430 in
1715 3365 2007 3430 tristitiis
2036 3365 2285 3444 laetitia,
2318 3367 2393 3430 in
2434 3365 2763 3430 doloribus
2808 3365 3165 3444 consolati0‚

1091 3469 1164 3532 in
1211 3469 1532 3554 angustiis
1579 3467 1898 3546 dilatatio,
1946 3469 2021 3532 in
2066 3467 2401 3534 laboribus
2450 3469 2831 3558 repausatio,
2880 3469 2949 3532 in
3000 3491 3165 3532 ama-

1091 3571 1496 3638 ritudinibus
1541 3571 1828 3654 dulcedo,
1861 3571 1934 3636 in
1964 3571 2325 3638 tenebrosis
2354 3571 2767 3652 illuminatio,
2798 3573 2871 3636 in
2892 3573 3165 3638 locorum

1091 3675 1408 3740 distantia
1463 3675 1828 3738 animorum
1889 3675 2029 3762 conj
2038 3675 2275 3756 unctio,
2336 3675 2413 3740 in
2474 3675 2653 3740 omni
2726 3677 2989 3740 tandem
3062 3675 3167 3742 de-

1089 3779 1268 3846 fectu
1297 3783 1364 3844 et
1393 3777 1880 3864 imperfectione
1933 3783 2159 3844 nostra
2204 3801 2359 3864 quse
2406 3779 2691 3866 plurima
2720 3783 2857 3878 ⁸est,
2888 3779 2973 3844 ad
3002 3801 3163 3844 com-

1087 3885 1490 3968 plementum
1535 3887 1600 3948 et
1643 3883 2103 3970 perfectionem
2146 3883 2485 3950 revocatio.
2578 3883 2923 3969 Speramus
2952 3889 3165 3948 autem

1087 3987 1466 4064 firmissime,
1517 3985 1652 4050 imo
1699 3987 1934 4050 scimus
1992 3985 2361 4066 certissime,
2418 3985 2593 4070 quod
2664 3991 2901 4050 vestrae
2958 3991 3163 4072 pater-

1085 4089 1322 4154 nitatis
1389 4089 1702 4154 sanctitas
1753 4111 1886 4154 non
1944 4089 2237 4174 privabit
2292 4111 2413 4152 nos
2470 4093 2805 4152 tantorum
2856 4087 3163 4152 bonorum

1085 4213 1370 4268 munere,
1423 4191 1784 4278 praesertim
1831 4213 1981 4254 cum
2022 4191 2325 4256 donantis
2372 4191 2715 4256 thesaurus
2754 4211 2887 4254 non
2914 4189 3167 4254 noverit

1085 4315 1172 4358 ex
1211 4293 1336 4360 hoc
1379 4293 1724 4380 quicquam
1759 4293 2085 4374 imminui,
2148 4293 2259 4358 sed
2304 4293 2661 4380 plurimum
2706 4299 3123 4380 augmentum
3138 4291 3165 4328 2

1085 4397 1418 4482 suscipere.
1509 4397 1746 4462 Valeat
1791 4401 2017 4462 sancta
2062 4395 2427 4482 paternitas
2474 4401 2697 4462 vestra
2740 4417 2857 4482 per
2884 4400 3165 4482 tempora-

1085 4497 1400 4584 longiora.

1159 4771 1514 4838 ¹clementiam]
1551 4773 1844 4832 clementiae,
1869 4771 2053 4824 C.O.o.
2080 4769 2091 4840 Ι
2184 4773 2205 4802 ²
2228 4773 2559 4840 augmentum]
2598 4779 2957 4838 argumentum,
2982 4771 3155 4824 C.C.C.
