3875 5734
1599 801 1959 852 EPISTOLAE.
2700 795 2827 856 223

737 975 1166 1058 detentionis;
1211 975 1418 1044 altera
1463 1001 1618 1044 vero
1665 981 1947 1044 materia
2006 981 2459 1046 controversiae
2504 985 2607 1046 est
2650 987 2835 1044 actus

737 1083 1052 1150 violentus
1099 1083 1460 1170 spoliantis.
1553 1083 1794 1148 Prioris
1839 1083 2047 1170 igitur
2094 1083 2549 1150 controversiae
2594 1083 2835 1150 decisio

725 1189 960 1276 judicis
1005 1193 1104 1254 est
1139 1189 1400 1270 16166116,
1453 1211 1600 1254 611111
1645 1187 2029 1276 principalis
2060 1189 2337 1254 materia
2380 1189 2833 1254 controversiae

735 1295 818 1360 sit
859 1317 960 1360 res
993 1317 1154 1380 pure
1209 1293 1500 1376 laicalis3
1547 1293 1820 1358 alterius
1887 1315 2045 1360 vero
2092 1293 2551 1358 controversiae
2596 1293 2833 1358 decisio

723 1399 960 1486 judicis
1005 1403 1106 1464 est
1151 1397 1590 1480 ecclesiastici,
1637 1417 1788 1462 oum
1833 1397 2213 1484 principalis
2258 1397 2533 1462 materia
2576 1401 2835 1462 contro-

733 1503 954 1570 versiae
965 1501 1074 1592 [sit
1101 1509 1286 1570 actus
1317 1527 1610 1592 personae
1643 1503 2115 1582 ecclesiasticae,
2148 1507 2415 1590 propter
2468 1523 2663 1588 quem
2706 1503 2837 1568 ista

741 1631 1006 1694 persona
1059 1609 1490 1674 ecclesiastica
1557 1607 2003 1694 principaliter
2066 1605 2243 1672 cadit
2314 1607 2433 1672 sub
2492 1603 2833 1692 judicium.

737 1713 930 1776 Unde
973 1713 1352 1798 hujusmodi
1399 1711 1718 1800 spoliator
1761 1715 1832 1776 et
1877 1713 2197 1792 detentor,
2248 1711 2305 1776 si
2358 1713 2447 1776 sit
2490 1711 2595 1776 vir
2640 1713 2837 1776 eccle-

737 1817 1048 1898 siasticus
1111 1821 1334 1906 posset
1409 1815 1746 1884 conveniri
1829 1817 2103 1904 spoliato
2186 1815 2259 1880 in
2342 1815 2483 1886 foro
2566 1815 2837 1884 seculari

741 1945 928 2010 super
1001 1923 1208 2002 feod0‚
1281 1927 1350 1988 et
1417 1923 1490 1986 in
1559 1923 1698 1988 foro
1767 1921 2199 1988 ecclesiastico
2268 1945 2461 2010 super
2526 1923 2837 1988 violentae

737 2025 1136 2114 spoliationis
1185 2025 1438 2092 delicto
1535 2025 1622 2090 Et
1667 2025 2093 2092 manifestum
2138 2031 2239 2090 est
2284 2029 2459 2112 quod
2522 2027 2593 2092 111
2662 2027 2837 2092 dicto

737 2153 884 2198 casu
925 2155 1058 2196 non
1103 2133 1412 2196 convenit
1459 2131 1772 2220 spoliatus
1819 2131 2241 2218 spoliatorem
2300 2133 2373 2196 in
2438 2133 2577 2198 foro
2622 2133 2837 2196 laicali

735 2237 1172 2326 principaliter
1217 2259 1412 2326 super
1457 2235 1700 2322 injuria
1743 2235 2061 2302 violentae
2104 2235 2513 2322 spoliationis
2542 2263 2557 2320 3
2630 2259 2835 2324 pona-

737 2349 842 2406 tur
887 2343 1060 2406 enim
1105 2341 1282 2428 quod
1331 2341 1594 2406 clericus
1649 2341 1888 2426 aliquis
1952 2361 2069 2426 per
2128 2341 2267 2406 vim
2330 2341 2699 2406 intruderet
2768 2363 2837 2406 se

731 2447 800 2510 in
841 2447 1100 2512 domum
1149 2451 1218 2512 et
1263 2451 1506 2512 terram
1535 2443 1808 2532 alicujus
1849 2443 2003 2510 laici
2034 2447 2101 2510 et
2132 2445 2411 2510 eundem
2454 2445 2691 2512 laicum
2720 2469 2837 2532 per

735 2553 864 2616 vim
909 2551 1270 2638 expelleret,
1321 2573 1450 2638 quo
1511 2549 1688 2616 facto
1757 2549 1987 2614 statim
2038 2549 2367 2628 recederet
2396 2573 2413 2630 ;
2454 2549 2717 2616 feodum
2762 2551 2835 2616 in

737 2677 920 2742 quem
965 2677 1030 2720 se
1061 2677 1178 2742 per
1207 2655 1350 2718 vim
1377 2655 1750 2730 intruserat,
1783 2675 1900 2738 per
1944 2653 2199 2718 nullam
2244 2655 2555 2740 temporis
2584 2675 2835 2718 moram

739 2759 1028 2824 detinens
1075 2763 1192 2824 aut
1239 2757 1322 2824 de
1351 2757 1526 2826 facto
1571 2755 1947 2844 possidens3
1992 2779 2129 2822 non
2160 2763 2379 2844 posset
2420 2757 2493 2820 in
2520 2757 2643 2822 hoc
2688 2781 2837 2824 casu

737 2865 842 2950 qui
885 2863 1040 2928 tulit
1083 2863 1396 2948 injuriam
1453 2861 1786 2928 conveniri
1831 2861 1936 2952 abK
1962 2861 2053 2948 inj
2062 2863 2275 2928 uriam
2318 2883 2505 2948 passo
2552 2863 2623 2926 in
2698 2863 2835 2928 foro

737 2967 1012 3036 seculari.
1143 2967 1346 3034 Unde
1421 2967 1846 3032 manifestum
1921 2969 2023 3032 est
2098 2965 2275 3054 quod
2348 2989 2497 3030 cum
2570 2967 2835 3032 clericus

737 3071 1028 3138 detentor
1071 3071 1246 3138 feodi
1273 3070 1540 3150 16166116,
1589 3093 1782 3158 quem
1813 3069 2143 3156 ingressus
2190 3075 2291 3134 est
2320 3093 2437 3158 per
2478 3069 2835 3136 violentam

739 3177 1200 3264 spoliationem,
1257 3175 1650 3242 convenitur
1695 3197 1736 3240 a
1783 3175 2063 3262 spoliato
2124 3173 2199 3238 in
2240 3173 2383 3240 foro
2426 3173 2657 3254 laicali,
2704 3197 2835 3240 non

737 3281 1112 3346 convenitur
1187 3279 1632 3368 principaliter
1697 3301 1892 3364 super
1950 3279 2185 3342 delicto
2246 3279 2669 3366 spoliationis,
2724 3279 2837 3344 sed

735 3385 936 3450 solum
981 3385 1322 3450 deducitur
1367 3385 1442 3448 in
1485 3383 1995 3450 controversiam
2026 3387 2095 3446 et
2138 3381 2211 3446 in
2246 3381 2569 3468 judicium
2610 3383 2839 3450 feodus

735 3487 984 3566 laicalis,
1031 3511 1144 3574 per
1185 3487 1328 3560 ,vim
1373 3485 1780 3576 spoliationis
1829 3491 2181 3572 occupatus
2224 3491 2293 3552 et
2338 3489 2657 3552 detentus.

821 3591 1004 3654 Dicit
1047 3593 1290 3654 iterum
1337 3589 1586 3678 aliquis,
1651 3589 1726 3656 Si
1793 3591 2009 3654 clerici
2052 3611 2189 3666 non
2232 3591 2717 3678 respondebunt
2760 3589 2833 3654 in
2856 3595 3073 3646 Further

735 3693 868 3760 foro
911 3695 1182 3762 seculari
1225 3717 1374 3762 cum
1421 3699 1808 3762 accusantur
1849 3695 1924 3758 in
1968 3693 2223 3760 actione
2268 3693 2605 3780 personali,
2638 3715 2831 3762 cassae

2856 3665 2937 3728 obj
2944 3663 3151 3726 66116116,

2856 3735 2955 3780 and
2976 3733 3063 3780 the

737 3803 884 3864 sunt
951 3819 1170 3864 omnes
1233 3799 1716 3886 prohibitiones
1777 3799 1989 3884 regiae.
2084 3799 2191 3862 Ad
2236 3799 2411 3882 quod
2460 3795 3147 3876 (116611ε111111,τσῑῡεῑνῡῑἪῒΟ

737 3903 902 3986 quod
979 3903 1130 3986 jure
1207 3925 1402 3968 cassae
1481 3907 1652 3980 sunt,
1735 3903 1953 3984 quoad
2040 3903 2463 3966 coartandum
2554 3901 2831 3984 61611666,

735 4027 812 4070 116
871 4005 1070 4072 libere
1151 4005 1508 4092 procedant
1569 4005 1642 4070 in
1707 4005 1916 4068 causis
1986 4005 2427 4070 ecclesiasticis
2490 4009 2559 4068 et
2616 4007 2835 4092 quoad

735 4109 1256 4174 constituendum
1347 4131 1454 4176 eos
1545 4107 1868 4172 debitores
1974 4107 2409 4194 respondendi
2516 4109 2595 4172 de
2686 4131 2834 4194 pro-

733 4233 902 4276 cessu
947 4235 1062 4278 suo
1105 4213 1180 4276 in
1241 4213 1380 4278 foro
1451 4211 1682 4278 laicali.
1777 4211 1910 4276 Sed
1972 4233 2119 4276 cum
2184 4209 2485 4276 dominus
2554 4233 2685 4278 rex
2748 4215 2833 4278 ad

735 4317 1210 4402 suggestionem
1309 4317 1584 4404 alicujus
1671 4315 1896 4378 scribit
1964 4313 2387 4380 ecclesiastico
2454 4313 2681 4398 judici,
2752 4337 2835 4382 ne

733 4421 946 4482 teneat
995 4419 1316 4506 placitum
1361 4419 1436 4482 in
1481 4419 1660 4484 curia
1709 4413 2229 4482 Christianitatis
2276 4439 2469 4504 super
2510 4417 2697 4482 feodo
2728 4419 2837 4484 Vel

735 4523 1120 4606 possessione
1163 4521 1400 4602 laicali,
1449 4523 1682 4590 decens
1745 4525 1846 4584 est
1909 4525 1977 4584 et
2040 4521 2391 4584 honestum
2458 4521 2637 4608 quod
2682 4521 2835 4588 talis

725 4623 926 4708 judex
999 4627 1082 4692 ob
1157 4627 1598 4692 reverentiam
1675 4629 1742 4692 et
1811 4623 2121 4690 honorem
2196 4623 2451 4710 regium
2526 4623 2839 4692 rescribat

737 4729 990 4798 domino
1039 4731 1180 4818 regi
1227 4731 1512 4800 dilucide
1575 4731 1698 4796 sub
1765 4731 2147 4818 compendio
2214 4729 2445 4794 seriem
2508 4749 2839 4818 processus

2852 3867 3003 3918 them.
