3875 5734
1647 867 2013 924 EPISTOLAE.
2766 857 2897 930 233

751 1051 956 1102 noster
1003 1047 1068 1102 in
1105 1047 1492 1104 comitatibus
1535 1047 1756 1104 nostris
1793 1049 2037 1114 talibuS,
2070 1053 2131 1104 et
2168 1049 2345 1104 xxxii.
2370 1045 2607 1104 ’marcas
2632 1045 2693 1104 et
2726 1047 2807 1104 vi.
2838 1049 2893 1104 d.

749 1131 824 1186 de
871 1131 1066 1188 tribus
1103 1131 1346 1188 debitis.
1421 1131 1502 1188 Et
1557 1133 1694 1188 ideo
1737 1133 1906 1188 vobis
1944 1133 2319 1198 mandamus
2362 1133 2521 1204 quod.
2558 1135 2631 1188 de
2668 1133 2899 1188 catallis

749 1233 884 1286 quae
959 1217 1202 1272 fuerunt
1261 1215 1418 1282 talis,
1499 1233 1640 1286 quae
1693 1217 1955 1272 suntin
2014 1235 2199 1272 manu
2246 1221 2469 1280 vestra,
2526 1223 2597 1272 ut
2658 1217 2895 1280 dicitur,

749 1299 1016 1356 habeatis
1065 1299 1142 1356 ad
1197 1299 1568 1356 scaccarium
1617 1305 1886 1356 nostrum
1948 1299 2109 1372 apud.
2170 1299 2763 1356 westmonasterium
2834 1301 2899 1356 in

749 1385 1008 1442 crastino
1079 1385 1274 1442 sancti
1345 1383 1668 1440 Michaelis
1739 1403 1848 1456 per
1921 1383 2191 1456 aliquem
2262 1383 2337 1440 de
2410 1383 2629 1442 vestris
2702 1387 2899 1440 omnia

749 1469 1034 1542 praedicta
1067 1467 1292 1524 debita.
1365 1467 1664 1540 Alioquin
1699 1471 2001 1542 capiemus
2022 1487 2133 1524 vos
2172 1467 2247 1524 ad
2280 1469 2589 1524 baroniam
2614 1475 2895 1526 vestram.

751 1557 928 1612 Teste
965 1571 1058 1608 me
1093 1553 1250 1626 iPSO,
1295 1553 1402 1608 (inc.

823 1639 1138 1704 Hem-icus,
1185 1639 1304 1692 Dei
1327 1637 1548 1710 gratia,
1589 1637 1718 1704 δια,
1757 1637 2041 1710 episcopo
2094 1637 2223 1692 tali.
2316 1635 2671 1692 Mandamus
2706 1637 2895 1704 vobis,

753 1723 910 1778 sicut
959 1723 1102 1778 alias
1157 1723 1334 1778 vobis
1385 1721 1824 1788 mandavimus
1901 1721 2067 1794 quod
2124 1723 2333 1778 venire
2394 1723 2627 1778 faciatis
2700 1741 2897 1776 coram

743 1807 1088 1878 justitiariis
1183 1807 1406 1862 nostris
1493 1807 1660 1878 apud
1727 1805 2331 1862 westmonasterium
2418 1825 2453 1860 a
2544 1807 2639 1860 die
2712 1807 2895 1862 sancti

749 1891 1060 1946 Michaelis
1119 1889 1190 1944 in
1247 1897 1372 1946 tres
1433 1891 1798 1962 septimanas
1857 1892 2045 1945 talem
2106 1891 2185 1946 ad
2240 1891 2721 1962 respondendum
2790 1891 2899 1946 tali

751 1975 826 2030 de
869 1975 1102 2046 placite,
1145 1993 1336 2046 quare
1373 1979 1616 2030 secutus
1657 1979 1746 2030 est
1781 1975 2073 2046 placitum
2108 1973 2175 2030 in
2222 1977 2391 2030 curia
2430 1975 2895 2032 Christianitatis

749 2059 824 2114 de
877 2059 1030 2114 laico
1079 2059 1256 2114 feodo
1273 2057 1292 2090 ¹
1327 2059 1436 2112 tali
1489 2063 1702 2114 contra
1759 2059 2229 2130 prohibitionem
2286 2067 2573 2116 nostram.
2664 2061 2743 2116 Et
2790 2077 2895 2114 vos

749 2149 894 2198 tunc
931 2143 1058 2198 sitis
1095 2141 1188 2196 ibi
1225 2141 1488 2198 audituri
1523 2141 1820 2214 judicium
1855 2149 2133 2198 nostrum
2174 2145 2245 2198 de
2280 2145 2413 2208 hoc,
2454 2143 2615 2214 quod
2648 2145 2893 2214 praedie-

749 2233 882 2282 tum
941 2221 1118 2282 talem
1181 2227 1388 2282 venire
1445 2243 1574 2282 non
1643 2227 1866 2282 fecistis
1944 2245 2145 2282 coram
2216 2229 2481 2298 praefatis
2550 2227 2895 2298 justitiariis

751 2311 970 2366 nostris
1007 2309 1166 2382 apud
1203 2311 1802 2368 westmonasterium
1837 2329 1872 2364 a
1909 2311 2011 2366 die
2052 2313 2241 2366 sancti
2280 2313 2323 2366 J
2324 2311 2573 2366 ohannis
2608 2313 2893 2382 Baptista>

751 2393 818 2448 in
851 2413 946 2448 xv.
985 2393 1130 2448 dies·
1207 2393 1340 2448 Nec
1387 2393 1576 2450 breve
1609 2399 1896 2460 nostrum,
1942 2395 2103 2466 quod
2140 2395 2277 2450 inde
2314 2395 2483 2450 vobis
2522 2397 2703 2460 venit,
2742 2413 2891 2466 prae-

751 2477 890 2532 fatis
921 2477 1270 2548 justitiariis
1307 2481 1534 2534 nostris
1571 2477 1728 2550 apud
1761 2479 2361 2534 westmonasterium
2418 2479 2493 2532 ad
2544 2479 2889 2550 praedictum

749 2561 1070 2616 terminum
1103 2553 1388 2626 misistis}
1421 2561 1584 2616 sicut
1617 2561 1784 2616 vobis
1821 2563 2175 2616 mandatum
2214 2563 2349 2628 fuit,
2390 2567 2451 2616 et
2502 2563 2769 2616 habeatis
2808 2561 2891 2616 ibi

749 2645 860 2700 hoc
893 2643 1090 2698 breve.
1169 2645 1350 2700 Teste
1385 2661 1480 2700 me
1523 2645 1674 2716 ipsc,
1715 2643 1820 2700 διο.

821 2727 1136 2796 Henricus‚
1167 2727 1286 2784 Dei
1311 2729 1532 2802 gratia,
1563 2727 1688 2796 δια,
1715 2727 2055 2784 vicecomiti
2078 2727 2189 2784 tali
2214 2729 2487 2784 salutem.
2570 2727 2887 2784 Summone

749 2829 854 2884 per
903 2813 1120 2868 bonum
1175 2815 1670 2870 summonitorem
1717 2813 1898 2868 talem
1956 2813 2321 2884 episcopum,
2364 2811 2523 2882 quod
2580 2815 2661 2870 sit
2696 2833 2893 2868 coram

745 2895 1086 2968 justitiariis
1159 2897 1386 2952 nostris
1459 2897 1624 2970 apud
1695 2897 2301 2952 Westmonasterium
2384 2913 2421 2950 a
2492 2895 2589 2950 die
2676 2903 2891 2952 sanctae

751 2979 1056 3036 Trinitatis
1105 2979 1172 3036 in
1225 2985 1348 3036 tres
1385 2981 1768 3052 septimanaS,
1819 2985 1878 3036 et
1919 2981 2011 3034 ibi
2034 2981 2249 3036 habeat
2286 2979 2595 3044 decanum,
2634 2997 2891 3052 praecen-

751 3069 958 3130 torem,
999 3069 1058 3120 et
1093 3063 1526 3120 cancellarium
1565 3063 1702 3118 talis
1739 3063 2007 3120 ecclesiae
2046 3063 2123 3118 ad
2160 3063 2637 3134 respondendum
2672 3065 2895 3120 talibus

755 3147 826 3204 tle
877 3147 1094 3220 placito
1151 3167 1340 3220 quare
1391 3153 1718 3204 tenuerunt
1765 3147 2057 3218 placitum
2106 3147 2175 3202 in
2224 3147 2393 3202 curia
2430 3147 2895 3204 Christianitatis

751 3231 824 3286 de
861 3231 1218 3288 arestatione
1253 3231 1394 3286 talis
1437 3231 1666 3294 clerici,
1697 3231 1924 3286 inventi
1964 3231 2033 3286 in
2066 3231 2221 3286 laico
2256 3231 2465 3286 habitu
2490 3249 2625 3286 cum
2662 3231 2769 3286 tali
2806 3237 2895 3286 ut·

751 3315 950 3386 lagato
1001 3321 1208 3372 contra
1265 3315 1732 3386 prohibitionem
1791 3319 2077 3372 nostram.
2158 3313 2479 3370 Summone
2544 3315 2721 3370 etiam
2790 3333 2897 3386 per

749 3399 968 3454 bonum
1017 3401 1508 3456 summonitorem
1563 3397 1910 3468 praedictum
1962 3399 2329 3468 episcopum,
2372 3399 2531 3468 quod
2584 3399 2665 3456 sit
2698 3417 2895 3454 coram

751 3483 1012 3554 praefatis
1043 3483 1394 3554 justitiariis
1433 3483 1664 3538 nostris
1703 3483 1856 3552 apud
1889 3483 2497 3540 westmonasterium
2538 3483 2611 3536 ad
2646 3479 2891 3554 praedic·

751 3573 880 3624 tum
913 3567 1256 3632 terminum,
1299 3573 1360 3622 et
1393 3567 1478 3622 ibi
1517 3565 1736 3622 habeat
1763 3567 1947 3622 talem
1984 3567 2061 3620 ad
2082 3567 2561 3636 respondendum
2594 3565 2895 3638 praedictis

751 3651 824 3706 de
879 3651 1110 3720 placit0‚
1157 3669 1346 3720 quare
1397 3653 1644 3706 secutus
1699 3655 1788 3704 est
1823 3651 1987 3704 idem
2020 3651 2313 3720 placitum
2348 3655 2553 3704 contra
2586 3651 2893 3720 prohibiti-

751 3753 924 3790 onem
959 3741 1244 3798 nostram,
1285 3739 1348 3790 et
1381 3731 1654 3788 habeatis
1681 3735 2177 3788 summonitorem
2214 3741 2273 3788 et
2296 3735 2409 3788 hoc
2442 3733 2643 3788 breve.
2720 3735 2893 3788 Teste

751 3837 846 3872 me
881 3819 1030 3888 ips0,
1073 3821 1190 3874 eto.

821 3901 1134 3966 HenricUS‚
1193 3901 1310 3956 Dei
1363 3901 1584 3972 gratia,
1639 3901 1766 3964 &eq
1823 3899 2103 3972 episcopo
2172 3899 2279 3954 tali
2328 3899 2599 3956 salutem.
2682 3899 2893 3956 Sciatis

751 3985 908 4056 quod.
941 3985 1076 4038 talis
1111 4003 1372 4056 persona
1421 3985 1604 4040 debet
1655 3983 1820 4040 nobis
1871 4003 2009 4040 xxv.
2070 4001 2301 4038 marcas
2354 3989 2415 4038 et
2464 3981 2771 4038 dimidiam
2820 3985 2893 4038 de

749 4069 862 4122 fine
901 4085 1076 4138 quem
1111 4067 1262 4124 fecit
1301 4087 1500 4124 coram
1553 4067 1894 4136 justitiariis
1952 4067 2175 4122 nostris
2228 4067 2441 4122 ultimo
2480 4065 2889 4122 itinerantibus

749 4149 812 4204 in
847 4151 1124 4206 comitatu
1163 4151 1276 4206 tali
1313 4169 1420 4224 pro
1443 4151 1945 4224 transgressione.
2024 4151 2103 4206 Et
2142 4149 2283 4222 quia
2308 4167 2425 4206 non
2458 4151 2637 4206 habet
2672 4151 2889 4206 laicum

749 4233 1020 4290 feodum²
1041 4253 1148 4306 per
1191 4237 1352 4306 quod
1373 4235 1664 4308 distringi
1697 4237 1898 4308 possit,
1923 4235 2095 4292 vobis
2120 4235 2473 4290 mandamus
2502 4235 2661 4306 quod
2694 4235 2889 4306 ipsum

751 4319 1114 4390 distringatis
1153 4335 1268 4390 per
1303 4319 1598 4376 beneficia
1631 4337 1738 4374 sua
1773 4319 2179 4374 ecclesiastica
2212 4317 2289 4374 ad
2322 4317 2691 4374 reddendum
2718 4319 2885 4374 nobis

749 4403 1094 4474 praedictum
1143 4403 1432 4460 debitum.
1511 4401 1614 4458 Ita
1665 4403 1820 4474 quod
1871 4403 2027 4458 illud
2076 4403 2343 4460 habeatis
2400 4403 2475 4458 ad
2526 4405 2887 4458 scaccarium

749 4491 1014 4542 nostrum
1057 4505 1168 4560 per
1223 4489 1484 4560 aliquem
1545 4487 1618 4542 de
1671 4487 1886 4544 vestris
1944 4489 2007 4542 in
2058 4487 2317 4544 crastino
2376 4489 2565 4544 sancti
2628 4489 2877 4544 Hilarii.

749 4573 926 4628 Teste
959 4589 1054 4626 me
1089 4573 1248 4644 ipso,
1289 4573 1394 4628 &a

805 4749 822 4778 ¹
843 4713 1024 4818 fiodo]
1061 4767 1160 4804 om.
1191 4747 1396 4814 cuc„
1417 4747 1522 4800 ox.
1779 4743 1796 4814 ι
1907 4749 1930 4776 2
1946 4743 2187 4812 fioaum]
2220 4763 2325 4800 om.
2348 4745 2553 4806 ceo„
2574 4745 2697 4796 ox.-
