3875 5734
715 3301 766 3352 S.
791 3303 936 3354 Matt.

713 3387 836 3420 xxv.
859 3375 940 3426 41.

1037 819 1166 892 274
1687 795 1981 888 Romam
2028 835 2493 888 011033111113111

1039 1015 1172 1084 sint
1217 1015 1564 1102 spiritales
1613 1037 1838 1082 earum
1883 1015 2365 1082 crudelissimus
2412 1015 2671 1094 occisor,
2716 1037 2837 1104 pro
2890 1017 3123 1102 quibus

1037 1119 1454 1186 vivificandis
1537 1119 1778 1186 occisus
1867 1125 1967 1186 est
2052 1119 2383 1208 piissimus
2470 1119 2703 1184 mundi
2780 1119 3127 1184 Salvator?

1041 1223 1108 1288 N
1109 1245 1184 1288 ec
1259 1223 1470 1288 solum
1545 1221 1782 1290 incidit
1845 1223 1920 1290 in
1986 1221 2361 1310 hujusmodi
2436 1227 2695 1288 reatum
2774 1221 3123 1302 homicidii,

1041 1327 1156 1414 qui
1201 1329 1412 1392 sciens
1473 1331 1542 1392 et
1607 1329 1838 1392 volens
1895 1329 2151 1392 animas
2208 1325 2421 1392 tradit
2484 1325 2833 1392 salvandas
2878 1325 3123 1392 salvare

1041 1431 1410 1518 impotenti,
1477 1437 1594 1498 aut
1655 1431 2007 1518 ignoranti,
2084 1435 2203 1494 aut
2270 1427 2673 1516 negligenti3
2736 1429 2851 1496 sed
2912 1433 2981 1494 et
3050 1429 3121 1494 in

1043 1533 1340 1620 pluribus
1413 1537 1528 1620 qui
1601 1555 1708 1598 eas
1785 1533 2147 1600 committit
2218 1533 2343 1596 tali
2430 1531 2769 1614 curandae,
2846 1533 2925 1596 de
2998 1553 3123 1620 quo

1043 1637 1304 1722 penitus
1345 1635 1608 1722 ignorat
1653 1635 1862 1722 qualis
1907 1635 1997 1700 sit
2054 1635 2131 1700 in
2186 1635 2493 1722 potentia
2534 1639 2655 1700 aut
2696 1635 2967 1700 scientia
3008 1639 3123 1698 aut

1039 1741 1386 1806 voluntate
1431 1739 1714 1804 curandi.
1807 1737 1953 1804 Etsi
1998 1739 2175 1804 enim
2218 1737 2507 1804 accidere
2564 1737 2773 1824 possit
2826 1737 3121 1826 ignotum

1043 1865 1178 1908 esse
1245 1841 1328 1908 ad
1369 1843 1686 1932 ⁴regimen
1729 1843 2097 1908 animarum
2140 1839 2483 1920 idoneum3
2540 1863 2679 1906 non
2738 1845 2837 1906 est
2888 1845 3119 1920 tamen,

1043 1947 1100 2012 si
1143 1947 1268 2012 hoc
1307 1945 1578 2022 accidat,
1625 1945 1928 2032 ignotum
1972 1943 2391 2032 praeflcientis
2436 1961 2695 2024 1111111113,
2742 1943 2857 2010 sed
2910 1943 3123 2032 potius

1043 2049 1348 2116 fortunae:
1397 2047 1454 2112 si
1499 2051 1724 2114 autem
1769 2049 2145 2134 incognitus
2172 2047 2263 2114 sit
2300 2047 2521 2112 minus
2562 2047 2851 2126 idoneus,
2896 2049 3123 2112 merito

1041 2151 1478 2238 imputabitur
1523 2151 1646 2216 hoc
1689 2151 2107 2238 praeficienti3
2154 2151 2325 2238 quia,
2374 2171 2457 2214 ne
2508 2149 2715 2214 talem
2756 2149 3121 2236 praeficeret,

1043 2253 1272 2320 debuit
1339 2253 1692 2340 diligenter
1757 2253 2157 2342 praecavisse.
2252 2253 2385 2334 Qui
2450 2253 2629 2318 enim
2692 2253 3013 2340 sagittans
3052 2253 3123 2316 in

1041 2357 1268 2436 locum,
1315 2379 1432 2444 per
1475 2379 1670 2446 quem
1715 2359 1910 2424 novit
1954 2361 2341 2424 consuetum
2388 2379 2525 2422 esse
2592 2355 2663 2422 et
2726 2355 3123 2444 frequentem

1043 2461 1384 2526 hominum
1455 2461 1830 2540 transitum,
1897 2463 2137 2526 occidit
2196 2461 2503 2546 aliquem,
2572 2459 2729 2528 licet
2792 2461 3093 2546 ignorans
3104 2483 3121 2540 3

1043 2587 1178 2632 non
1223 2571 1492 2632 excusat
1537 2587 1688 2630 eum
1733 2565 2109 2652 hujusmodi
2150 2565 2545 2652 ignorantia,
2576 2563 2695 2628 sed
2736 2565 2939 2652 magis
2982 2583 3123 2628 reus

1045 2673 1144 2736 est
1189 2669 1526 2748 homicidii
1569 2671 1945 2758 perpetrati,
1996 2669 2151 2756 quia
2196 2673 2549 2754 antequam
2594 2667 2903 2754 sagittam
2944 2669 3125 2734 emit-

1045 2777 1234 2854 teret,
1281 2773 1718 2838 considerasse
1761 2773 2113 2858 diligenter
2154 2771 2391 2838 debuit
2448 2793 2535 2836 ne
2562 2771 2747 2836 ‘forte
2792 2771 3123 2858 quisquam

1043 2897 1328 2962 praesens
1369 2877 1618 2942 ibidem
1661 2881 1820 2942 tunc
1865 2877 2079 2942 fuerit.
2172 2875 2339 2940 Haec
2382 2875 2607 2960 itaque
2652 2879 2719 2940 et
2762 2875 3127 2960 hujusmodi

1043 2979 1384 3046 nobiscum
1427 2981 1802 3060 tractanteS,
1869 2983 1936 3044 et
1998 2979 2415 3044 attendentes
2462 2977 2641 3064 siqui
2682 2977 3013 3044 Christum
3054 2979 3125 3042 in

1047 3081 1360 3148 membris
1423 3083 1558 3148 suis
1621 3105 1758 3148 non
1819 3083 2165 3170 paverunt,
2214 3081 2323 3174 vel
2370 3081 2789 3170 potaverunt,
2834 3081 2941 3148 vel
2982 3081 3123 3148 hos-

1043 3185 1208 3274 pitio
1283 3191 1716 3274 susceperunt,
1793 3187 1904 3252 vel
1988 3185 2349 3252 induerunt
2420 3209 2535 3252 seu
2608 3187 2977 3268 visitarunt,
3042 3187 3127 3252 ‘m

1043 3289 1278 3376 dynam
1339 3295 1670 3356 oeternum
1715 3287 1922 3356 ibunt
1990 3289 2109 3378 qui
2144 3297 2591 3378 praeparatas
2634 3297 2725 3356 eet
2766 3287 3027 3358 diabolo
3070 3297 3127 3358 et

1045 3391 1314 3478 any-elis
1355 3393 1506 3458 swale
1523 3417 1554 3474 ,⁰
1631 3399 1882 3480 quanta
1954 3393 2243 3480 graviori
2316 3417 2515 3480 poena
2576 3397 2733 3460 sunt
2774 3395 2955 3482 digni
3014 3393 3125 3480 qui

1043 3495 1262 3584 ipsum
1303 3495 1380 3560 in
1421 3495 1728 3562 membris
1773 3497 1906 3562 suis
1954 3497 2361 3580 occiderunt3
2430 3497 2823 3584 quantisque
2886 3503 3125 3564 coarta-

1045 3601 1298 3668 buntur
1373 3599 1710 3686 angustiis,
1787 3621 1932 3664 cum
1990 3599 2151 3685 Ejus
2226 3603 2601 3688 conspectui
2660 3601 2735 3666 in
2798 3601 3125 3666 tremendo

1037 3703 1288 3790 judicio
1333 3705 1949 3788 praesentabuntur?
2038 3705 2127 3768 In
2190 3705 2513 3770 tradenda
2574 3705 2935 3770 animarum
2976 3723 3127 3770 cura

1043 3807 1172 3872 toti
1233 3807 1472 3872 timore
1535 3801 1971 3888 concutimur,⁴
2026 3823 2111 3872 ne
2176 3807 2345 3874 forte
2380 3817 2529 3894 'pro
2596 3807 3123 3892 vivificatoribUS‚

1043 3933 1150 3978 eas
1195 3909 1588 3976 occisoribus
1633 3931 2055 4000 exponamus,
2110 3933 2185 3976 ac
2250 3911 2637 3998 nosmetipsi
2702 3933 2819 3998 per
2876 3909 2993 3980 hoc
3056 3913 3127 3978 in

1043 4015 1376 4080 tremendo
1433 4013 1686 4102 judicio
1751 4035 1896 4080 cum
1968 4013 2307 4080 homicidis
2372 4015 2885 4082 condemnemur.
2990 4013 3125 4082 Isto

1041 4119 1268 4206 itaque
1311 4119 1550 4186 timore
1609 4139 1730 4182 nos
1789 4121 2105 4200 arctante,
2150 4123 2623 4206 praesentatum
2666 4119 2753 4184 ad
2804 4115 3125 4186 ecclesiam

1043 4223 1124 4288 de
1171 4221 1422 4302 Castre,
1471 4239 1668 4308 quem
1711 4223 1977 4310 'penitus
2022 4221 2167 4308 quis
2216 4227 2283 4288 et
2328 4223 2539 4308 qualis
2586 4221 2673 4288 sit
2718 4215 2803 4288 ad
2844 4219 3123 4310 regimen

1041 4327 1410 4390 animarum
1485 4325 1876 4410 ignoramuS‚
1954 4347 2091 4390 non
2138 4323 2537 4404 admisimus
2608 4347 2727 4390 nec
2788 4325 3125 4390 admittere

1039 4427 1514 4508 recusavimus3
1583 4427 1696 4492 sed
1761 4431 2001 4492 vestrae
2062 4427 2483 4514 paternitatis
2550 4427 2939 4510 discretioni,
2982 4449 3125 4512 quae

1043 4531 1292 4596 dictum
1337 4531 1532 4596 novit
1575 4533 2065 4616 praesentatum,
2130 4533 2203 4596 et
2262 4531 2501 4596 animae
2544 4531 2751 4618 ipsius
2790 4535 2885 4596 -et
2926 4553 3124 4618 paro-

1043 4623 1420 4698 chianorum
1465 4633 1662 4698 dictae
1709 4633 1995 4700 ecclesiae
2040 4653 2265 4698 curam
2306 4633 2479 4722 gerit
2524 4637 2593 4698 et
2636 4633 3123 4710 solicitudinem,

1043 4737 1334 4824 ejusdem
1407 4737 1692 4806 ecclesiae
1765 4737 1888 4802 hac
1964 4735 2127 4818 viee,
2204 4737 2421 4824 quoad
2496 4737 2703 4824 ipsius
2748 4735 3123 4824 praesentati
