3875 5734
743 1489 932 1540 Ezech.

743 1557 932 1608 xxxiii.
955 1563 1000 1608 3.

745 1685 916 1736 which
935 1685 980 1736 is

749 1753 922 1804 shown
947 1757 1016 1822 by

749 1821 970 1884 Ezekiel,

749 2239 834 2292 Ps.
857 2239 1034 2292 xxxvi.

755 2313 832 2360 14.

749 2547 932 2598 Ezech.

749 2615 936 2666 xxxiii.
965 2619 1006 2666 6.

749 3387 846 3450 Eli,

1079 773 1210 838 398
1731 783 2027 834 RoBER‘m
2074 783 2533 836 GROSSETESTE

1079 963 1334 1044 sufficit,
1379 963 1686 1028 addenda
1729 969 1832 1030 est
1875 969 1947 1030 et
1992 985 2307 1028 manuum
2370 963 2765 1030 confricatio.
2880 963 3187 1034 Manibus

1079 1075 1302 1134 autem
1369 1067 1568 1158 pedes
1631 1067 2005 1136 sordidatos
2046 1067 2121 1134 in
2166 1091 2341 1158 aqua
2384 1067 2755 1148 confricare,
2806 1067 2967 1156 quid
3008 1069 3187 1134 aliud

1081 1179 1182 1240 est
1227 1197 1424 1260 quam
1489 1195 1682 1262 opere
1745 1173 2193 1242 ecclesiasticae
2252 1173 2619 1262 disciplinae
2686 1173 3043 1240 secundum
3084 1197 3187 1240 sa-

1079 1279 1402 1368 pientiam
1449 1279 1808 1368 Scripturae
1839 1279 2061 1346 sordes
2106 1281 2463 1346 affectuum
2506 1277 2751 1344 tollere.
2844 1277 2975 1344 Sed
3016 1279 3183 1344 forte

1083 1383 1322 1464 dicent,
1369 1383 1548 1470 quod
1609 1385 1696 1450 ad
1739 1383 1916 1450 hunc
1964 1384 2453 1470 speculatorem,
2530 1383 2613 1448 de
2688 1405 2819 1470 quo
2892 1383 3181 1470 loquitur

1085 1485 1400 1568 Ezechiel,
1447 1509 1584 1552 non
1613 1487 1796 1552 aliud
1835 1485 2127 1572 pertinet
2172 1487 2301 1552 nisi
2346 1509 2495 1554 cum
2546 1485 2801 1554 viderit
2862 1485 3179 1572 ,qladium

1083 1591 1462 1658 venientem
1505 1613 1712 1678 «super
1755 1599 2009 1656 ter-ram
2054 1589 2343 1658 buccina
2380 1589 2721 1672 insonare,
2772 1591 2893 1656 hoc
2936 1597 3047 1670 est,
3094 1613 3177 1658 ex

1087 1695 1438 1784 Scriptura,
1509 1695 1698 1762 velut
1759 1717 1844 1762 ex
1907 1719 2017 1760 ore
2084 1695 2373 1778 Domini,
2424 1695 2839 1776 annunciare,
2904 1695 3075 1782 quod
3118 1695 3173 1762 si

1085 1801 1310 1866 fecerit
1373 1800 1754 1886 speculator,
1819 1799 2107 1866 animam
2172 1821 2357 1866 suam
2424 1799 2773 1868 liberavit:
2844 1799 3015 1866 sicut
3088 1823 3171 1866 ex

1085 1903 1300 1968 verbis
1331 1901 1690 1968 Ezechielis
1733 1901 1808 1968 in
1851 1901 2077 1990 eodem
2118 1901 2259 1968 loco
2304 1907 2525 1992 potest
2556 1905 2885 1992 perpendi.
2984 1903 3175 1982 Quod

1085 2007 1348 2094 quidem
1413 2011 1480 2072 et
1549 2029 1664 2094 ego
1731 2029 1965 2072 verum
2028 2029 2165 2074 esse
2230 2007 2443 2090 cred0,
2488 2007 2811 2088 videlieet,
2878 2007 3055 2094 quod
3118 2007 3173 2074 si

1085 2111 1358 2178 buccina
1401 2109 1662 2176 insonet
1707 2109 2085 2196 speculator,
2132 2111 2253 2176 hoc
2286 2115 2389 2178 est
2436 2111 2787 2198 episcopus5
2820 2133 2967 2176 cum
2994 2109 3173 2178 vide·

1085 2213 1184 2280 wit
1215 2213 1590 2304 [ylaolium]
1625 2213 2009 2282 venientem
2038 2237 2243 2304 super
2274 2223 2547 2298 terram,
2578 2237 2775 2302 quem
2806 2213 3173 2302 evayinant

1079 2325 1448 2406 peccatores
1509 2325 1592 2386 ut
1655 2319 2011 2406 decipiant
2046 2341 2425 2406 pauperem
2466 2327 2527 2386 et
2568 2319 2863 2406 inopem,
2916 2325 2973 2384 et
3028 2325 3171 2386 tru-

1085 2421 1310 2490 cident
1351 2429 1554 2490 rectos
1595 2421 1804 2502 corde,
1849 2425 2139 2490 animam
2170 2445 2355 2490 suam
2384 2423 2709 2490 liberavit.
2806 2421 2993 2502 Quod
3024 2427 3087 2488 et
3116 2423 3171 2490 si

1085 2527 1370 2594 buccina
1397 2551 1546 2594 ‘non
1577 2527 1979 2608 insonuerit,
2012 2551 2161 2596 cum
2204 2527 2577 2616 hujusmodi
2620 2525 2943 2614 9Zadiwm
2984 2525 3165 2594 veni-

1085 2639 1304 2700 entem
1331 2631 1598 2712 viderit,
1643 2639 1706 2700 et
1739 2633 2049 2718 populus
2080 2653 2225 2698 ‘non
2254 2629 2651 2698 custodierit
2684 2655 2765 2710 86,
2798 2629 3167 2718 veneritque

1083 2735 1364 2824 yladius
1409 2745 1468 2802 et
1513 2735 1750 2802 tulerit
1795 2737 1874 2802 de
1921 2735 2019 2802 eis
2064 2733 2397 2816 animam,
2452 2733 2867 2820 sanquinem
2910 2735 3049 2822 ejus
3090 2735 3167 2800 de

1085 2863 1310 2908 ‘manu
1379 2839 1818 2928 speculatoris
1859 2839 2157 2928 ‘requiret
2198 2839 2395 2918 Deus
2442 2837 2613 2904 sicut
2652 2839 2727 2904 in
2772 2839 2991 2906 eodem
3036 2841 3169 2904 1060

1085 2945 1428 3010 manifeste
1473 2943 1856 3016 ostenditur.
1974 2943 2105 3010 Sed
2152 2943 2265 3030 qui
2308 2943 2585 3010 credunt
2628 2941 2823 3028 hujus
2882 2943 3165 3010 bueoinae

1085 3049 1372 3114 sonitum
1435 3069 1570 3114 esse
1631 3047 1838 3114 solum
1901 3047 2253 3116 verborum
2320 3069 2431 3114 ore
2496 3047 2915 3136 praelatorum
2988 3053 3165 3114 exte-

1085 3153 1322 3218 riorem
1351 3153 1652 3232 sonitum,
1685 3151 1758 3218 ni
1779 3151 1991 3234 fallar,
2020 3153 2147 3240 ipsi
2178 3153 2499 3218 falluntur
2532 3153 2901 3240 plurimum.
2978 3151 3047 3218 N
3046 3175 3161 3216 un-

1085 3257 1244 3344 quid
1289 3257 1458 3324 enim
1533 3255 1840 3344 praelatus
1905 3257 2193 3324 animam
2252 3279 2437 3324 suam
2496 3257 2819 3338 liberavit,
2868 3259 2925 3324 si
2964 3257 3159 3324 verbo

1081 3367 1276 3428 tenus
1343 3361 1634 3428 dixerit?
1745 3361 1818 3428 Si
1877 3361 2001 3428 hoc
2070 3365 2255 3444 esset,
2304 3361 2487 3450 Hely
2540 3361 2835 3428 sacerdos
2880 3363 3157 3428 animam

1083 3489 1266 3532 suam
1319 3465 1666 3534 liberasset.
1759 3465 1959 3532 Dixit
2004 3465 2179 3532 enim
2238 3467 2395 3534 filiis
2438 3467 2571 3534 suis
2618 3465 2923 3534 exteriori
2964 3467 3159 3534 verbo

1083 3591 1226 3656 quae
1271 3573 1538 3656 possent
1583 3569 1718 3654 ejus
1763 3569 1848 3636 acl
1893 3569 2171 3640 salutem
2240 3571 2541 3636 sufficere.
2648 3571 2781 3638 Sed
2838 3573 3003 3638 sicut
3046 3573 3157 3638 bos

1085 3675 1192 3738 vel
1237 3695 1442 3762 equus
1485 3677 1786 3738 mortuus
1829 3695 1983 3740 vere
2028 3675 2145 3740 bos
2190 3695 2323 3740 non
2392 3679 2491 3740 est
2550 3679 2667 3740 aut
2712 3673 2955 3762 equus1
3006 3675 3155 3740 dici-

1081 3783 1192 3844 tur
1233 3783 1454 3844 tamen
1517 3777 1842 3844 communi
1905 3799 2199 3844 sermone
2246 3801 2395 3846 cum
2438 3777 2829 3866 conspicitur
2888 3777 3155 3846 cadaver

1079 3881 1406 3968 integrum
1475 3881 1568 3948 ibi
1593 3881 1822 3968 jacere,
1869 3881 1987 3948 bos
2032 3887 2149 3948 aut
2216 3905 2465 3970 equus3
2526 3883 2619 3950 sic
2678 3885 2949 3954 verbum
3016 3885 3157 3966 oris„

1079 3985 1230 4052 lieet
1301 3985 1658 4072 vulgariter
1739 3985 2015 4052 verbum
2104 3987 2377 4068 dicatur,
2446 4009 2597 4054 vere
2678 3987 2951 4054 verbum
3028 4011 3157 4056 non

1083 4095 1226 4176 est;
1301 4113 1508 4178 neque
1571 4089 1708 4178 ejus
1771 4091 2049 4178 prolatio
2118 4113 2275 4158 vera
2362 4091 2779 4158 annuntiatio
2854 4099 2965 4172 est,
3032 4093 3155 4158 nisi

1081 4195 1268 4260 vivat
1313 4195 1588 4260 verbum
1649 4193 1979 4282 prolatum
2028 4215 2109 4260 ex
2166 4195 2467 4262 interiori
2528 4195 2659 4262 fide
2702 4219 2821 4284 per
2860 4197 3155 4284 prolatio-

1081 4321 1230 4366 nem
1249 4299 1276 4338 2
1355 4299 1740 4366 exterioris³
1813 4303 2137 4386 operante.
2256 4299 2359 4366 De
2418 4299 2781 4386 cujusmodi
2838 4299 3033 4366 verbo
3090 4305 3157 4364 et

1291 4469 1298 4474 ν
1313 4469 1370 4474 -....
1379 4469 1408 4474 ..ν
1415 4469 1422 4474 .
1435 4469 1560 4476 -ο-ωη-ρ...
1575 4471 1584 4474 ..
1593 4471 1598 4474 .
1607 4469 1672 4474 —.-—
1681 4469 1856 4474 ..-Ἣ
2158 4467 2223 4474 ——

1609 4569 1624 4598 ¹
1661 4575 1870 4616 mortuus
1903 4603 1916 4616 .
1952 4605 1965 4616 .
2004 4603 2017 4616 .
2050 4565 2225 4632 equus]
2262 4581 2361 4618 om.
2386 4567 2525 4618 Trin.

1609 4649 1632 4678 ²
1655 4645 1995 4714 prolationem]
2034 4647 2363 4710 dilectionem,
2388 4645 2577 4706 C.0.0.‚
2606 4647 2707 4696 Ox.

1609 4731 1630 4758 ³
1661 4725 1941 4794 exterioris]
1980 4725 2217 4788 exterius,
2242 4725 2341 4780 Ox.
