3875 5734
1667 837 2025 888 9109101011
2756 815 2883 882 255

813 1015 1100 1102 gestione
1143 999 1340 1098 hujus
1381 1011 1632 1098 negotii
1675 1011 2017 1078 evidenter
2046 1011 2249 1092 sensi3
2296 1031 2457 1092 cum,
2484 1007 2655 1074 sicut
2696 1029 2893 1096 supra

813 1115 970 1194 dixi,
1017 1115 1228 1180 omnis
1273 1115 1628 1180 multitudo
1655 1113 1802 1200 ‚maj
1811 1135 1997 1178 orum
2052 1117 2119 1178 et
2178 1113 2497 1180 minorum
2540 1119 2707 1180 esset
2748 1113 2891 1200 jam

813 1221 1038 1284 contra
1101 1239 1208 1282 me
1273 1217 1460 1302 quasi
1533 1221 1760 1282 contra
1821 1215 2303 1282 malefactorem
2362 1239 2491 1282 non
2562 1215 2889 1284 modicum

815 1323 1132 1386 commota
1179 1323 1248 1386 et
1295 1319 1634 1386 concitata.
2062 1329 2067 1334 ’

899 1421 1194 1488 Secundo
1267 1427 1506 1502 autem,
1585 1421 1760 1508 quod
1831 1421 1892 1488 'si
1964 1422 2443 1510 praenominati,
2504 1423 2647 1510 jam
2710 1425 2891 1490 senio

815 1527 1084 1592 confecti
1145 1529 1214 1590 et
1271 1527 1602 1592 laboribus
1645 1539 1782 1592 non
1823 1527 2087 1608 assueti,
2132 1527 2205 1592 in
2262 1527 2499 1592 itinere
2544 1527 2715 1614 quod
2752 1531 2891 1614 jam

815 1629 1092 1716 arripere
1135 1629 1532 1716 inceperant,
1579 1629 1652 1692 in
1697 1629 1836 1696 fata
1881 1629 2287 1712 decederent,
2334 1631 2501 1696 sicut
2544 1631 2895 1698 verisimile

811 1739 924 1814 est,
971 1733 1082 1798 vel
1121 1733 1332 1820 magis
1377 1735 1508 1800 fere
1553 1737 1800 1800 certum
1861 1737 1985 1816 est,
2032 1735 2211 1820 quod
2270 1735 2391 1800 hoc
2456 1733 2769 1800 accideret
2814 1735 2895 1800 de

811 1837 1104 1926 pluribus
1147 1859 1388 1916 eorum,-
1435 1837 1744 1904 universa
1793 1837 2043 1926 Anglia
2084 1839 2469 1904 declamaret
2510 1859 2613 1904 me
2660 1837 2895 1902 talium

811 1947 944 2032 tam
987 1941 1464 2008 venerabilium
1523 1939 1987 2028 tantorumque
2034 1939 2325 2008 virorum
2384 1940 2893 2008 crudelissimum

811 2047 1166 2112 occisorema

895 2149 1130 2230 TertiO,
1167 2149 1344 2236 quod
1385 2149 1442 2214 si
1485 2171 1604 2236 pro
1647 2149 1975 2214 libertatis
2022 2147 2255 2214 umbra
2300 2147 2575 2234 quadam
2620 2155 2689 2214 et
2730 2149 2893 2214 falso

809 2253 1084 2330 nomine,
1131 2275 1300 2318 caeca
1341 2251 1514 2340 pulsi
1557 2253 1868 2330 vanitate,
1919 2253 1991 2316 in
2040 2251 2403 2338 periculum
2446 2253 2601 2316 vitae
2644 2257 2893 2338 tempo-

809 2355 960 2422 ralis
1035 2379 1104 2422 se
1177 2355 1702 2444 incircumspecte
1791 2355 2301 2442 praecipitarem,
2374 2355 2461 2422 ad
2546 2357 2739 2442 quod,
2814 2361 2895 2420 ut

811 2459 1174 2538 videbatur,
1237 2463 1426 2526 erant
1469 2459 1862 2546 pronissimi,
1909 2459 1983 2524 in
2028 2481 2341 2546 magnum
2386 2459 2727 2526 discrimen
2772 2459 2895 2524 hoc

811 2561 1092 2628 facerent
1135 2565 1404 2628 aeternae
1449 2561 1680 2628 salutis
1721 2561 2095 2626 animarum
2140 2547 2433 2628 suarum:
2482 2563 2657 2648 quod
2698 2561 2895 2626 nimi-

811 2687 956 2730 rum
1041 2667 1208 2730 mihi
1279 2665 1616 2730 videretur
1687 2665 2123 2742 durissimum,
2202 2663 2355 2730 dare
2428 2665 2727 2730 videlicet
2800 2667 2895 2730 eis

809 2769 1202 2834 occasionem
1289 2769 1736 2854 periclitandae
1815 2769 2067 2848 salutis„
2144 2783 2265 2856 pro
2340 2783 2613 2854 ‘quomm
2686 2769 2897 2834 salute

809 2871 1082 2958 ipsemet
1127 2877 1358 2938 teneor
1401 2871 1680 2958 quodvis
1721 2871 2083 2958 temporale
2126 2869 2347 2936 subire
2392 2871 2523 2958 peri
2532 2871 2765 2938 culum.-

895 2975 1004 3040 Ex
1075 2979 1268 3062 parte
1339 2979 1562 3042 autem
1633 2973 1764 3040 alia
1835 2975 2243 3042 consideravi
2318 2977 2543 3042 melius
2618 2991 2753 3042 'esse
2826 2981 2897 3042 et
2918 2979 3141 3032 Reasons
3164 2997 3231 3032 011

799 3079 1016 3166 magis
1059 3078 1432 3166 eligendum
1499 3079 1678 3164 quod
1741 3079 2121 3144 scandalum
2176 3079 2435 3160 oriatur,
2478 3101 2677 3168 quam
2718 3081 2895 3166 quod
2916 3047 3169 3168 gpgepther

811 3183 1052 3248 veritas
1093 3181 1460 3264 moriaturg
1517 3203 1640 3246 nee
1701 3181 2145 3248 omittendum
2208 3205 2347 3248 esse
2410 3183 2759 3248 veritatem
2826 3189 2897 3250 et

811 3285 1088 3350 salutem
1129 3285 1502 3352 animarum
1547 3285 1802 3372 operari
1859 3299 1981 3372 per
2032 3285 2601 3372 exprobrationem
2652 3285 2895 3374 populi,

809 3387 916 3452 vel
959 3387 1162 3452 etiam
1191 3409 1726 3474 quorumcunque
1759 3371 2157 3474 sapientium
2202 3387 2589 3474 sapientiam
2634 3389 2895 3466 mundi3

813 3509 956 3556 eum
1003 3489 1330 3556 Dominus
1373 3491 1556 3556 dicat
1595 3513 1716 3556 009
1763 3489 1979 3558 beatos
2010 3491 2165 3578 fore
2210 3501 2367 3558 ‘cum
2410 3489 2895 3558 maledioeerint
2922 3493 2971 3544 S·
2994 3493 3139 3546 Matt.
3162 3507 3213 3544 v·

813 3591 1004 3660 ‘nobis
1071 3591 1376 3660 homines
1447 3597 1516 3658 et
1563 3593 2135 3680 ‘exprobraverint
2208 3597 2279 3658 et
2340 3591 2643 3660 dimerim
2698 3615 2895 3660 omne
2924 3567 2999 3614 ¹1·

813 3697 1076 3762 malum
1131 3697 1460 3762 advers-uc
1519 3711 1646 3762 ‘nos
1703 3695 2117 3778 mentientes,
2172 3703 2447 3784 propter
2500 3697 2553 3762 Ι
2550 3695 2721 3762 llum
2782 3697 2897 3782 qui

813 3801 1052 3864 veritas
1117 3805 1234 3880 est,
1303 3801 1418 3886 qui
1481 3805 1550 3866 et
1615 3801 1822 3864 crucis
1865 3799 2311 3864 confusionem
2366 3811 2587 3886 passus
2634 3803 2735 3864 est
2778 3821 2897 3886 pro

815 3903 1020 3968 salute
1085 3893 1514 3968 animarumz.
1559 3903 1770 3990 magis
1845 3921 2103 3990 quoque
2180 3903 2687 3990 permittendum
2760 3925 2897 3968 esse
2942 3901 2969 3940 ·’

815 4007 1142 4092 pauciores
1207 4005 1620 4092 praecipitare
1697 4029 1766 4070 se
1835 4005 1904 4070 in
1984 4005 2349 4086 discrimen,
2418 4015 2609 4090 ’11119111
2682 4005 2897 4072 multo

811 4109 1028 4194 plures
1091 4131 1210 4196 pro
1277 4109 1540 4176 defectu
1599 4107 1963 4196 disciplinae
2040 4107 2477 4176 ecclesiasticae
2550 4107 2763 4196 perire
2824 4109 2899 4174 in

811 4217 1158 4298 posterum«.
1966 4233 1969 4236 ’

903 4307 1288 4380 suadebant
1359 4315 1602 4404 itaque·
1649 4313 1965 4400 praedicta
2052 4311 2577 4378 inconvenientia
2662 4317 2743 4380 ut
2814 4315 2899 4380 ab
2922 4323 3005 4374 He
3026 4329 3077 4372 at
3096 4323 3193 4372 last

815 4415 1100 4504 incoepto
1169 4417 1580 4482 desisterem:
1657 4417 1772 4482 sed
1843 4439 1932 4482 ex
2004 4421 2191 4502 parte
2266 4417 2397 4482 alia
2464 4419 2675 4484 multo
2748 4417 2897 4506 plus
2920 4389 3171 4508 ffiiffffi'ged
3186 4401 3219 4436 a

815 4521 1138 4608 urgebant
1205 4519 1454 4586 veritas
1527 4525 1594 4586 et
1669 4521 1842 4586 salus
1935 4519 2301 4584 animarum
2386 4523 2463 4586 ut
2532 4511 2899 4608 i'ncoeptum
2922 4539 3111 4586 course,

815 4643 1254 4710 persequerer„
1335 4623 1526 4690 Inter
1595 4623 1714 4688 has
1789 4623 2019 4710 itaque
2086 4623 2421 4710 angustias
2480 4623 2901 4692 vehementer

815 4725 1204 4798 constrictus
1235 4739 1242 4746 ’
1271 4715 1562 4816 cogitavi
1619 4725 1870 4796 bonum
1940 4747 2077 4794 esse
2142 4725 2433 4794 medium
2490 4715 2775 4814 aliquod,
2840 4727 2903 4794 si
