3875 5734
1629 809 1985 860 EPIs‘roLAE.
2300 879 2313 894 θ
2552 777 2559 784 ’
2724 797 2851 860 383

769 991 986 1076 aliqua
1043 987 1306 1052 aliunde
1367 987 1694 1074 adquisita
1755 1011 1953 1074 quam
2030 989 2109 1052 de
2182 991 2369 1054 bonis
2428 989 2655 1076 patriS,
2724 1005 2855 1052 non

759 1095 1096 1182 ‘oporteret
1153 1089 1330 1176 quod
1391 1095 1646 1176 patrem
1709 1091 2099 1158 admitteret
2160 1093 2245 1158 ad
2304 1093 2449 1156 illas
2518 1113 2621 1158 res
2700 1091 2859 1156 visi-

767 1195 998 1264 tandas
1081 1199 1148 1260 et
1223 1193 1310 1260 ad
1369 1193 1844 1282 disponendum
1907 1193 1989 1260 de
2048 1193 2185 1274 eis3
2260 1195 2589 1260 urbanum
2630 1199 2855 1262 tamen

765 1305 930 1368 esset
983 1305 1048 1366 et
1107 1299 1624 1366 honorificentiae
1673 1299 1850 1384 patri
1911 1299 2299 1364 exhibendae
2358 1321 2731 1386 congruum,
2796 1301 2853 1364 si

765 1411 1014 1494 patrem
1077 1405 1160 1470 ad
1221 1405 1538 1490 praedicta
1597 1409 1979 1468 reverenter
2038 1403 2435 1482 admitteret,
2490 1423 2637 1468 cum
2688 1421 2855 1490 prae-

767 1509 1148 1576 sumendum
1227 1513 1394 1574 esset
1463 1507 1544 1572 de
1617 1511 1806 1594 patre
1875 1505 2053 1594 quod
2110 1503 2433 1594 paternali
2490 1507 2727 1572 affectu
2790 1513 2857 1572 et

767 1613 850 1678 ad
909 1611 1230 1678 bonorum
1311 1611 1434 1676 filii
1515 1611 2039 1678 emendationem
2122 1611 2287 1676 talia
2354 1611 2561 1676 facere
2632 1611 2853 1678 vellet.

767 1717 1104 1798 Quomodo
1151 1717 1360 1804 igitur
1409 1715 1534 1782 filii
1583 1717 2027 1804 episcoporum
2076 1715 2173 1782 nil
2224 1737 2391 1782 curae
2418 1713 2439 1752 1
2494 1713 2857 1780 animarum

763 1821 1080 1886 habentes
1123 1821 1254 1886 nisi
1303 1821 1386 1884 ab
1433 1821 1878 1908 episcoporum
1931 1821 2307 1900 traditione,
2338 1825 2599 1902 retenta
2624 1819 2857 1886 nihilo-

761 1923 978 1988 minus
1027 1923 1186 2010 ipsis
1241 1923 1552 2010 episcopis
1581 1923 1868 2010 ipsarum
1913 1923 2283 1990 animarum
2316 1947 2483 2002 cura,
2530 1927 2609 1988 ut
2648 1925 2859 2010 magis

765 2027 900 2094 sint
957 2025 1082 2112 ipsi
1133 2027 1422 2112 ipsarum
1465 2025 1834 2092 animarum
1877 2031 2115 2114 patres,
2160 2031 2457 2108 rectores
2508 2031 2579 2094 et
2620 2027 2855 2114 guber-

765 2137 1040 2210 natoreS,
1105 2137 1172 2196 et
1231 2151 1622 2218 possessores
1667 2153 1866 2218 quam
1911 2131 2047 2196 sint
2090 2131 2379 2218 ipsorum
2420 2131 2561 2214 filii,
2622 2153 2665 2196 a
2722 2132 2859 2196 sola

765 2235 1204 2322 episcoporum
1265 2235 1622 2302 traditione
1693 2259 1916 2302 curam
1974 2235 2411 2322 suscipientes
2480 2237 2653 2322 ipsos
2718 2237 2857 2324 epi·-

765 2361 986 2428 scopos
1011 2339 1398 2428 repellerent
1427 2363 1470 2406 a
1499 2361 1764 2406 suarum
1795 2341 2167 2408 animarum
2196 2341 2591 2424 visitatione,
2622 2343 2855 2430 guber·-

765 2445 1044 2526 natione,
1103 2445 1512 2524 correctione,
1577 2451 1646 2510 et
1705 2443 2207 2512 reformatione?
2344 2445 2663 2532 Nunquid
2720 2467 2855 2510 non

767 2547 1046 2614 filiorum
1099 2549 1352 2614 curatio
1403 2549 1718 2614 continua
1763 2571 1910 2614 cum
1960 2551 2167 2634 patris
2198 2549 2535 2616 curatione
2580 2549 2853 2634 adjecta,

767 2651 1024 2738 quando
1055 2653 1118 2718 61
1145 2653 1482 2718 vacaverit
1511 2657 1580 2718 et
1599 2653 1904 2740 expedire
1923 2653 2185 2730 viderit,
2218 2651 2567 2738 perfectius
2596 2653 2853 2718 curabit

769 2779 964 2844 quam
1007 2757 1202 2822 faciet
1247 2757 1452 2822 altera
1517 2757 1702 2822 sola?
1785 2757 1979 2838 Quod
2038 2761 2259 2822 autem
2328 2755 2677 2844 perfectius
2732 2763 2851 2838 est,

767 2859 992 2926 melius
1025 2865 1142 2940 est,
1175 2867 1246 2926 et
1275 2861 1480 2948 magis
1511 2861 1894 2946 eligendum.
1990 2859 2319 2928 Praeterea
2346 2883 2491 2924 cum
2522 2861 2857 2948 episcopus

767 2965 1082 3030 tradendo
1141 2985 1364 3030 curam
1433 2965 1802 3030 animarum
1853 2963 2001 3030 aliis
2060 2963 2489 3042 inferioribus
2540 2985 2685 3030 eam
2726 2963 2853 3030 sibi

767 3089 896 3134 non
969 3069 1220 3134 adimat
1283 3069 1394 3132 sed
1457 3067 1760 3146 retineat,
1829 3069 2121 3152 alioquin
2184 3067 2313 3132 illis
2358 3069 2853 3146 discedentibus

767 3195 894 3238 non
963 3177 1178 3261 posset
1225 3193 1448 3238 eorum
1507 3172 1977 3238 successoribus
2036 3195 2259 3238 curam
2304 3173 2577 3254 tradere,
2622 3177 2855 3260 utpote

767 3299 962 3364 quam
989 3301 1124 3344 non
1167 3277 1438 3342 haberet
1467 3303 1482 3358 ;
1529 3275 1644 3342 sed
1691 3277 1814 3342 sibi
1857 3275 2209 3342 ademisset
2236 3277 2441 3364 priori
2484 3277 2853 3344 traditione.

767 3381 1004 3448 Nullus
1049 3383 1224 3448 enim
1267 3387 1482 3468 potest
1525 3381 1702 3468 quod
1745 3403 1878 3446 non
1923 3381 2121 3446 habet
2170 3381 2337 3448 dare.
2430 3381 2701 3448 Retinet
2730 3381 2855 3448 sibi

765 3507 878 3570 per
943 3507 1338 3572 consequens
1399 3507 1478 3552 ea
1537 3507 1684 3570 quae
1743 3507 1912 3552 curae
1974 3491 2129 3552 sunt
2196 3489 2565 3566 necessaria,
2624 3489 2855 3572 utpote

767 3589 1226 3668 visitationem,
1273 3613 1420 3654 cum
1479 3591 1862 3656 continuam
1921 3589 2367 3656 visitationem
2426 3613 2561 3654 non
2616 3593 2851 3676 posset,

769 3693 1226 3760 correctionem
1291 3715 1550 3782 quoque
1617 3701 1688 3762 et
1751 3693 2323 3776 reformationem3
2380 3693 2507 3758 nisi
2566 3693 2739 3756 enim
2788 3699 2855 3756 et

769 3819 844 3860 ea
909 3819 1052 3882 quae
1115 3819 1286 3864 curae
1345 3797 1616 3884 agendae
1691 3803 1848 3864 sunt
1907 3799 2265 3864 necessaria
2328 3795 2455 3862 sibi
2520 3795 2849 3876 retineret,

767 3899 1004 3966 frustra
1077 3903 1392 3966 retineret
1461 3925 1726 3984 curam;
1801 3907 1971 3966 esset
2030 3901 2207 3968 enim
2274 3901 2517 3982 otiosa3
2592 3901 2707 3966 sed
2780 3901 2853 3966 in

769 4003 960 4070 domo
1047 4005 1360 4092 sapientis
1449 4005 1951 4092 patrisfamilias,
2044 4005 2211 4070 sicut
2316 4011 2383 4070 et
2484 4005 2559 4068 in
2660 4027 2851 4092 opere

767 4113 1040 4190 naturae,
1089 4109 1260 4174 nihil
1305 4113 1406 4176 est
1453 4111 1734 4176 otiosum
1779 4131 1892 4176 seu
1937 4107 2199 4176 frustra.

859 4211 944 4278 In
985 4215 1126 4302 lege
1175 4215 1458 4312 Mosaica
1499 4219 1900 4302 praeceptum
1948 4221 2049 4280 est
2112 4215 2351 4300 (Exodi
2394 4213 2613 4302 xxiii.)
2662 4215 2855 4296 Quod
2878 4229 3045 4280 Exod.

767 4315 830 4382 si
873 4317 1240 4384 occurreris
1271 4317 1416 4384 bovi
1457 4317 1744 4384 ‘inimici
1773 4317 1882 4386 tw:
1927 4325 2051 4386 aut
2094 4317 2293 4386 asino
2336 4317 2619 4402 emanti,
2652 4319 2853 4386 redu-

2878 4297 3027 4348 xxiii.
3052 4303 3099 4358 4,
3116 4301 3161 4346 5.

2874 4377 3029 4428 From
3048 4375 3137 4426 the

769 4443 866 4488 ces
907 4421 1000 4490 ad
1027 4443 1186 4488 eum
1207 4449 1234 4506 ;
1265 4427 1334 4488 et
1361 4423 1424 4488 si
1451 4421 1708 4492 viderie
1735 4423 2019 4490 asinum
2050 4423 2341 4492 odientis
2388 4431 2447 4490 tc
2478 4423 2699 4510 jacere
2728 4425 2847 4492 sub
2876 4443 3069 4494 Mosaic
3090 4443 3185 4492 law

767 4633 800 4638 -.
811 4633 890 4638 --
895 4631 1600 4640 —-————————-—-———--—--—-
1605 4631 1804 4638 ...u--u--n-

1547 4759 1562 4788 ¹
1593 4755 1750 4826 curce]
1789 4763 1979 4822 curant,
2000 4755 2143 4808 Trin.

2876 4509 3165 4578 respecting
