3875 5734
751 3194 878 3248 Phil.
891 3195 962 3248 iv,
981 3201 1058 3250 13.

1093 807 1220 870 124
1731 817 2025 868 ROBERTI
2074 815 2533 870 GROSSETESTE

1085 993 1312 1078 valeo¹,
1361 1015 1604 1084 pronus
1679 993 1878 1062 offero
1954 993 2027 1060 in
2098 993 2329 1084 primis
2406 1015 2647 1060 munus
2708 993 2973 1082 spiritus
3034 997 3155 1062 mei

1085 1107 1384 1178 aestuanS,
1451 1097 1758 1166 videlicet
1803 1099 2195 1166 desiderium
2212 1099 2239 1138 ²
2322 1097 2409 1164 ad
2448 1097 2889 1166 exhibendum
2930 1105 3155 1168 vestrae

1085 1203 1514 1272 sanctissimae
1583 1203 1979 1292 paternitati
2052 1203 2493 1272 obedientiam
2568 1209 2641 1272 et
2710 1203 3031 1282 honorem,
3092 1211 3157 1272 ot

1085 1309 1638 1376 excellentissimae
1667 1309 2097 1376 dominationi
2142 1309 2575 1376 reverentiam
2622 1311 2691 1374 et
2734 1309 3043 1388 timorem,
3084 1307 3151 1390 si,

1085 1419 1466 1502 cooperante
1531 1413 1802 1482 Domini
1841 1413 2081 1502 gratia,
2126 1413 2303 1480 vires
2346 1413 2585 1502 agendi
2630 1413 3155 1502 correspondeant

1085 1521 1276 1586 aestui
1337 1519 1658 1600 desiderii,
1727 1541 1862 1586 non
1907 1519 2133 1598 solum,
2178 1523 2261 1584 ut
2304 1541 2499 1608 supra
2544 1517 2705 1598 dixi,
2750 1519 2823 1584 in
2864 1541 3153 1586 mensura

1085 1625 1296 1712 plena,
1343 1623 1458 1690 sed
1493 1623 1694 1692 etiam
1719 1625 1794 1690 in
1841 1623 2131 1692 conferta
2162 1627 2229 1690 et
2260 1623 2589 1712 coagitata
2616 1627 2687 1690 et
2714 1623 3151 1710 superfluente.

1085 1729 1154 1794 N
1157 1753 1242 1796 on
1307 1731 1484 1794 enim
1547 1729 1730 1796 decet
1797 1729 2133 1816 fastigium
2192 1729 2557 1818 potestatis,
2602 1733 2905 1794 ornatum
2948 1751 3153 1818 super-

1085 1833 1412 1900 eminente
1457 1833 1756 1900 claritate
1799 1833 2117 1912 veritatis,
2164 1831 2471 1898 honorari
2522 1833 2729 1900 solum
2774 1855 2855 1898 ex
2896 1835 3153 1900 necessi·-

1087 1941 1226 2004 tate
1271 1935 1526 2016 debitis,
1575 1937 1690 2002 sed
1731 1936 1943 2004 multo
1986 1937 2265 2026 amplius
2310 1959 2395 2004 ex
2436 1935 2613 2004 bona
2654 1935 2991 2004 voluntate
3018 1959 3151 2026 gra-

1085 2041 1258 2108 tuito
1301 2041 1770 2128 supererogatis
1799 2067 1814 2122 3
1879 2063 2251 2128 quanquam
2298 2045 2365 2106 et
2410 2043 2631 2106 omnia
2672 2061 2817 2128 quae
2858 2039 3153 2106 videntur

1083 2149 1556 2232 supererogata,
1603 2145 1852 2210 facilius
1899 2145 2179 2212 dixerim
2220 2151 2433 2214 tantae
2474 2149 2741 2234 tamque
2784 2147 3155 2212 venerandae

1085 2247 1482 2316 excellentiae
1529 2249 1886 2316 districtius
1935 2249 2171 2317 debita.
2282 2251 2373 2318 Et
2418 2250 2571 2338 quia
2616 2249 2817 2316 motio
2882 2249 3153 2318 affectio-

1081 2355 1186 2420 nis
1229 2353 1304 2418 in
1345 2355 1588 2440 spiritu
1627 2375 1762 2418 non
1809 2355 2271 2420 manifestatur
2314 2355 2387 2420 in
2430 2355 2541 2422 via
2582 2353 2779 2439 hujus
2820 2355 2991 2434 vitae,
3034 2355 3153 2420 nisi

1079 2481 1196 2546 per
1257 2459 1608 2524 motionem
1669 2457 1947 2524 actionis
2002 2457 2077 2522 in
2136 2479 2417 2546 corpore,
2480 2463 2563 2524 ut
2622 2479 2859 2524 munus
2902 2457 3153 2544 spiritus

1079 2563 1510 2650 p1·ae0blatum
1583 2563 1957 2628 sanctitatis
2030 2567 2269 2628 vestrae
2354 2559 2613 2652 fulgori,
2688 2583 2825 2628 non
2908 2567 3153 2628 maneat

1079 2667 1342 2754 penitus
1385 2665 1730 2746 occultum,
1779 2667 1981 2732 offero
2028 2667 2225 2730 etiam
2270 2689 2373 2732 me
2420 2667 2915 2754 paratissimum,
2944 2687 3153 2732 secun-

1083 2771 1242 2836 dum
1283 2769 1636 2858 parvitatis
1679 2793 1842 2836 meae
1885 2769 2221 2836 modulum
2266 2769 2353 2836 ad
2396 2769 2651 2836 labores
2682 2769 2971 2858 corporiS,
3004 2792 3153 2857 quos

1081 2877 1462 2964 imposuerit
1505 2881 1706 2940 nutus
1747 2879 1989 2942 vestrae
2032 2875 2497 2964 praeceptionis.
2586 2873 2655 2940 N
2658 2897 2727 2942 ec
2772 2875 2889 2942 sub
2932 2881 3153 2942 vestrae

1081 2977 1532 3066 praeceptionis
1593 2979 1880 3066 imperiO,
1944 2979 2223 3044 terrebit
2274 3003 2395 3058 me,
2442 2979 2595 3044 licet
2640 2977 2891 3044 viribus
2932 3001 3153 3066 parvu-

1085 3083 1238 3162 lum,
1309 3083 1572 3150 favente
1635 3083 1892 3172 Spiritu
1960 3081 2215 3162 SanctO,
2282 3083 2591 3172 praecepti
2634 3083 2875 3150 laboris
2916 3085 3151 3172 magni-

1083 3187 1280 3268 tud03
1325 3209 1472 3252 cum
1517 3187 1694 3252 dicat
1727 3185 2117 3272 Apostolus:
2172 3187 2431 3256 Omnia
2466 3207 2745 3276 possum
2796 3187 2879 3252 in
2904 3189 2999 3252 Eo
3042 3187 3153 3276 qui

1085 3311 1192 3356 me
1235 3289 1566 3376 confortat
1583 3315 1610 3370 ;
1665 3295 1732 3356 et
1779 3311 1928 3356 cum
1946 3289 1973 3326 ³
2016 3291 2121 3356 vis
2164 3291 2491 3368 amicitiae,
2538 3313 2685 3378 quae
2728 3291 2939 3356 minor
2978 3291 3153 3356 dino-

1085 3393 1292 3460 scitur
1333 3395 1584 3460 virtute
1657 3393 2063 3474 obedientiae,
2134 3417 2237 3462 res
2314 3393 2757 3482 impossibiles
2826 3399 2905 3462 ut
2974 3393 3153 3462 aiunt

1085 3497 1318 3564 mundi
1391 3497 1736 3586 sapientes»,
1815 3497 1902 3564 ad
1974 3497 2347 3584 possibilem
2420 3501 2681 3588 redigat
2752 3495 3153 3582 facultatem3

963 3651 986 3664 .
1081 3623 1358 3688 cumque
1401 3601 1474 3666 in
1515 3601 1738 3690 regula
1781 3623 1904 3666 sua
1950 3599 2125 3666 dicat
2166 3601 2401 3668 beatus
2446 3601 2853 3682 Benedictus
2904 3609 2941 3638 “
2958 3603 3013 3668 si
3056 3603 3153 3670 cui

1085 3713 1120 3740 “
1163 3705 1358 3770 fratri
1401 3705 1622 3792 aliqua·
1663 3705 1832 3770 forte
1859 3705 2091 3792 gravia
2118 3711 2235 3770 aut
2264 3705 2693 3792 impossibilia
2718 3705 3151 3794 injungantur,

1083 3819 1120 3846 “
1163 3807 1474 3894 suscipiat
1519 3807 1784 3894 quidem
1819 3807 2119 3896 jubentis
2180 3809 2529 3898 imperium
2574 3833 2723 3876 cum
2766 3811 2943 3876 omni
2982 3833 3157 3876 man·

1083 3921 1120 3950 “
1163 3913 1508 3978 suetudine
1553 3915 1622 3978 et
1667 3911 2081 3994 obedientia3
2124 3919 2195 3980 et
2224 3915 2281 3978 si
2310 3915 2381 3978 in
2424 3937 2541 3978 sua
2586 3915 2913 3980 sententia
2940 3915 3155 4002 prioris

1083 4025 1118 4052 “
1161 4017 1506 4104 imperium
1535 4015 2009 4104 perduraverit,
2040 4017 2205 4084 sciat
2238 4017 2469 4104 junior
2484 4015 2511 4054 ‘¹
2538 4017 2637 4084 ita
2682 4017 2809 4084 sibi
2846 4019 3153 4106 expedire,

1081 4125 1118 4158 “
1163 4125 1232 4186 et
1275 4143 1358 4186 ex
1403 4121 1682 4188 caritate
1731 4121 2061 4188 confidens
2124 4121 2205 4188 de
2268 4121 2597 4206 adjutorio
2666 4121 2811 4204 Dei,
2856 4123 3153 4190 obediat.”

1081 4225 1154 4290 Si
1199 4225 1406 4312 igitur
1449 4225 1652 4290 etiam
1693 4225 2123 4314 impossibilia
2184 4225 2699 4314 aggrediendum
2766 4229 2863 4292 est
2908 4225 3157 4292 fortiter

1083 4335 1148 4394 et
1193 4329 1594 4394 confidenter
1655 4329 1742 4392 ad
1805 4329 2037 4416 prioris
2082 4329 2431 4416 imperium
2460 4353 2477 4410 ;
2546 4333 2793 4414 quanto
2836 4329 3039 4416 magis
3078 4329 3187 4394 ad.

1151 4693 1166 4722 ¹
1201 4685 1362 4756 valeo]
1397 4687 1548 4752 valet,
1571 4687 1752 4740 C.C.C.
2118 4683 2135 4818 Ι
2240 4685 2263 4716 ³
2292 4684 2427 4751 cum]
2466 4697 2565 4734 om.
2590 4683 2695 4734 Sid.

1145 4773 1168 4806 ²
1199 4769 1510 4840 desiderium]
1547 4785 1644 4822 om.
1663 4769 1842 4824 (20.st
2242 4767 2263 4794 ⁴
2282 4763 2485 4832 junior]
2516 4763 2697 4822 minor,
2720 4761 2827 4812 Sid.
