3875 5734
1573 903 1576 906 ,
1633 853 1995 906 EPISTOLAE.
2736 841 2859 910 231

771 1035 836 1098 et
901 1029 1224 1096 baronum
1299 1029 1848 1098 excommunicati
1919 1034 2077 1096 sunt
2150 1051 2375 1096 omnes
2452 1029 2569 1116 qui
2642 1035 2871 1096 contra

769 1141 1062 1200 tenorem
1107 1131 1352 1198 chartae
1393 1133 1726 1218 praedictae
1757 1133 1983 1200 venire
2030 1135 2609 1218 praesumpseram
2656 1155 2697 1198 a
2740 1157 2871 1218 qua

771 1233 1434 1302 excommunicatione
1477 1237 1784 1302 dominus
1825 1257 1947 1302 rex
2016 1239 2087 1300 et
2146 1237 2421 1300 barones
2462 1235 2541 1300 in
2580 1235 2871 1320 quodam

769 1339 1084 1424 colloquio
1129 1339 1382 1404 (101111111
1425 1339 1596 1424 regis
1641 1337 1716 1400 in
1759 1337 2009 1424 capella
2054 1337 2269 1404 beatae
2302 1337 2647 1402 Katerinae
2692 1339 2869 1426 apud

771 1441 1436 1520 westmonasterium,
1469 1463 1548 1506 eo
1593 1441 1766 1526 quod
1797 1441 2169 1506 timuerunt
2214 1463 2283 1506 se
2326 1441 2399 1504 in
2444 1441 2715 1506 eandem
2760 1465 2871 1506 ex-

769 1545 1416 1608 communicationem
1475 1543 1800 1622 incidisse,
1847 1543 2187 1630 petierunt
2252 1543 2581 1608 instanter
2640 1563 2709 1606 se
2754 1545 2867 1608 ab-

769 1647 934 1710 solvi
995 1669 1034 1710 a
1085 1645 1450 1710 venerabili
1511 1647 1700 1732 patre
1763 1645 2121 1710 Edmundo
2186 1645 2685 1730 archiepiscop0‚
2756 1645 2871 1728 qui

769 1769 872 1812 eos
915 1749 1202 1812 absolvit
1247 1749 1368 1812 sub
1397 1749 1520 1814 hac
1551 1747 1774 1824 forma,
1809 1747 2139 1824 videlicet,
2184 1747 2361 1830 quod
2406 1749 2463 1812 si
2508 1749 2589 1812 de
2638 1749 2871 1812 caetero

769 1853 992 1914 contra
1037 1851 1422 1934 praedictam
1465 1849 1758 1914 chartam
1805 1851 2127 1926 venirent,
2178 1849 2319 1934 ipso
2364 1849 2539 1916 facto
2582 1849 2659 1914 in
2704 1871 2871 1936 pree·-

767 1951 968 2016 fatam
1013 1953 1508 2016 revolverentur
1555 1953 2313 2020 excommunicationem.

857 2055 1018 2134 Quae
1065 2055 1288 2140 itaque
1335 2055 1418 2120 ob
1463 2055 1862 2142 imperitiam
1907 2055 2363 2142 persuadentis
2406 2055 2637 2138 majori
2670 2077 2865 2140 quam
2896 2061 3161 2128 Summary

769 2159 1094 2241 oporteret
1133 2157 1538 2242 prolixitate,
1571 2163 1638 2222 et
1667 2157 1906 2222 minori
1937 2179 2137 2244 quam
2184 2161 2515 2242 oporteret
2562 2157 2857 2236 efficacia,
2892 2131 2951 2178 of
2964 2129 3051 2230 the

767 2279 1022 2342 quoquo
1067 2259 1262 2322 modo
1307 2281 1612 2344 persuasa
1669 2265 1844 2338 sunt,
1909 2259 2031 2322 sub
2094 2259 2655 2346 recapitulationis
2716 2259 2893 2324 bre-·

769 2359 974 2424 vitate
1019 2361 1482 2446 comprehensa
1511 2365 1668 2424 sunt
1697 2361 1838 2424 haec
1865 2361 2289 2440 1--P1imum‚
2324 2361 2651 2442 videlicet,
2692 2361 2865 2446 quod

767 2461 1032 2528 abbates
1075 2463 1376 2538 maxime,
1427 2467 1494 2526 et
1539 2467 2005 2546 consequenter
2050 2463 2199 2526 31130
2244 2463 2693 2526 ecclesiastices
2718 2449 2867 2548 ⁴per-

769 2583 956 2642 sonae,
1001 2563 1146 2628 sine
1191 2563 1380 2650 gravi
1425 2561 1614 2648 culpa
1673 2583 1969 2628 exercere
2036 2585 2173 2628 non
2236 2569 2517 2646 possunt
2584 2563 2867 2628 officium

769 2663 1066 2730 secularis
1145 2663 1544 2750 justitiarios,
1611 2685 1724 2728 seu
1801 2665 2299 2730 vicecomitatus
2388 2685 2501 2728 seu
2588 2665 2867 2730 ballivas

767 2769 998 2844 tenere,
1049 2765 1130 2832 de
1177 2765 1418 2850 quibus
1479 2769 1792 2830 tenentur
1853 2767 2145 2850 personis
2206 2765 2607 2830 secularibus
2670 2765 2867 2828 ratio-

771 2867 938 2934 cinia
999 2865 1270 2936 reddere
1299 2891 1316 2946 ;
1381 2867 1688 2952 quodque
1753 2865 2059 2936 dominus
2102 2889 2223 2930 rex
2268 2867 2355 2930 ad
2402 2867 2541 2932 haec
2586 2867 2864 2952 compel-

767 2969 972 3048 lendo,
1019 2973 1088 3032 et
1127 2967 1388 3054 praelati
1431 2967 1674 3034 talibus
1717 2991 1854 3032 non
1887 2967 2283 3046 obsistend0‚
2332 2991 2467 3034 non
2508 2965 2647 3030 levi
2692 2991 2863 3032 com-

769 3069 1172 3136 maculantur
1259 3073 1544 3158 peccato.
1663 3069 2059 3150 Secundum,
2152 3069 2327 3154 quod
2418 3069 2865 3134 ecclesiasticae

769 3195 1054 3258 personae
1099 3195 1248 3238 eum
1293 3171 1700 3258 impetuntur
1743 3171 1818 3234 in
1859 3171 2187 3258 personali
2246 3169 2521 3252 actione,
2568 3171 2865 3258 graviter

771 3279 1034 3360 peccant
1095 3273 1364 3338 seculari
1417 3273 1668 3360 judicio
1731 3297 1800 3338 30
1867 3273 2335 3338 submittentes
2354 3273 2397 3354 ¹,
2444 3277 2511 3338 et
2560 3273 2861 3338 (lominus

769 3397 880 3440 rex
937 3375 1332 3462 judicesque⁴
1379 3375 1694 3440 seculares
1757 3375 2003 3440 clerum
2076 3375 2163 3438 ad
2206 3375 2329 3438 hoc
2382 3373 2857 3462 compellenteS,

771 3483 834 3540 et
877 3477 1160 3562 episcopi
1205 3477 1328 3540 tali
1367 3477 1770 3562 oppressioni
1837 3477 2171 3540 libertatis
2232 3477 2679 3542 ecclesiasticae
2724 3501 2859 3540 non

771 3577 1152 3644 resistentes.
1251 3579 1568 3658 Tertium,
1637 3577 1810 3662 quod
1865 3579 2121 3664 judices
2184 3577 2501 3642 seculares
2568 3579 2859 3664 graviter

767 3683 1030 3762 peccant
1075 3701 1224 3744 cum
1265 3681 1340 3744 in
1379 3677 1520 3744 foro
1587 3701 1704 3744 suo
1765 3679 2201 3744 determinare
2262 3685 2667 3766 praesumunt
2712 3703 2857 3766 qua)

769 3801 958 3844 causa
1031 3781 1118 3846 sit
1191 3781 1618 3846 ecclesiastica
1691 3783 1760 3844 et
1835 3803 1981 3864 quae
2058 3781 2377 3858 secularis,
2446 3781 2703 3864 quando
2770 3783 2853 3846 ad

769 3885 990 3944 utrum
1031 3881 1244 3946 forum
1307 3883 1636 3968 pertineat
1679 3883 1965 3946 Vertitur
2008 3883 2081 3946 in
2128 3883 2415 3948 dubium.
2510 3881 2851 3962 Quartum,

773 3983 940 4066 quod
983 3981 1184 4046 iidem
1217 3981 1470 4066 judices
1529 3983 1816 4068 graviter
1883 3989 2169 4068 peccant,
2214 4005 2363 4048 cum
2428 4005 2647 4050 causas
2694 4005 2853 4068 quas

771 4087 992 4148 notum
1039 4089 1138 4148 est
1181 4107 1340 4170 pure
1385 4107 1522 4148 esse
1569 4085 2031 4150 ecclesiasticas
2090 4085 2163 4146 in
2226 4085 2365 4150 foro
2430 4085 2699 4148 seculari
2742 4087 2851 4150 de·-

773 4185 1088 4250 scindunt.
1209 4187 1550 4266 Quintum,
1619 4187 1796 4272 quod
1869 4185 2151 4252 ecclesiae
2220 4185 2489 4252 libertas
2562 4187 2851 4272 graviter

771 4285 1028 4350 laeditur
1103 4307 1250 4350 cum
1339 4287 1578 4352 decisio
1665 4309 2003 4352 causarum
2076 4287 2647 4352 ecclesiasticarum
2734 4311 2851 4374 per

773 4389 1232 4474 prohibitiones
1323 4389 1530 4476 regias
1609 4389 1941 4476 judicibus
2036 4389 2473 4456 ecclesiasticis
2572 4391 2847 4456 directas

1295 4719 1310 4748 ¹
1343 4717 1688 4782 submittentes]
1723 4717 2131 4782 subintentioues‚
2154 4717 2331 4770 C.C.G.
