3875 5734
1105 785 1234 852 226
1747 797 2037 852 ROBERTI
2084 799 2539 854 onossmnsrn

767 981 854 1034 the
881 981 1010 1034 deci·
1107 973 1504 1064 deteriorari,
1539 981 1806 1050 ecelesia
1835 983 1920 1050 ad
1952 1005 2147 1074 quam
2172 987 2485 1074 patronus
2512 977 2933 1072 praesentabit
2960 981 3171 1052 effecta
3210 1005 3215 1010 ’

769 1053 902 1104 sions
933 1053 1078 1108 made

763 1125 834 1192 by
859 1123 1010 1176 them.

1103 1113 1256 1158 nem
1317 1113 1578 1158 eausam
1639 1115 1836 1182 super
1889 1091 2287 1182 possessione
2360 1089 2469 1158 vel
2542 1089 2731 1180 quasi
2800 1091 3171 1178 possessione

1103 1199 1322 1266 minus
1361 1191 1606 1288 pingui.
1697 1199 2041 1266 Accideret
2078 1221 2361 1288 namque
2400 1197 2655 1264 ratione
2694 1197 3019 1280 consimili,
3048 1221 3167 1266 om·

1105 1305 1534 1374 ecclesiastiea
1615 1307 1790 1374 inter
1851 1307 2013 1374 duos
2082 1313 2357 1374 rectores
2434 1305 2713 1372 duarum
2786 1303 3171 1372 ecelesiarum

1105 1413 1464 1482 divisorum
1529 1419 2001 1504 patronatuum
2076 1415 2529 1502 emergentem,
2608 1433 2691 1478 ne
2764 1409 3169 1476 ventilaretur

1103 1543 1316 1588 eoram
1353 1515 1688 1608 judicibus
1735 1519 2193 1602 ecelesiasticis,
2226 1541 2265 1584 a
2302 1519 2565 1586 domino
2596 1539 2745 1608 rege
2774 1517 2999 1584 debere
3036 1529 3167 1606 pro-

1103 1625 1334 1704 hiberi,
1397 1649 1472 1694 60
1525 1625 1700 1712 quod
1759 1631 1977 1694 actore
2034 1623 2109 1690 111
2166 1623 2543 1714 hujusmodi
2604 1641 2793 1692 eausa
2850 1623 3165 1692 evincente

1103 1731 1442 1818 continget
1497 1751 1748 1818 semper
1805 1729 2135 1796 eeclesiam
2194 1731 2289 1796 rei
2348 1731 2673 1810 imminui,
2736 1751 2811 1794 ae
2868 1751 2979 1818 per
3042 1729 3165 1810 1106,

1103 1833 1460 1902 seeundum
1521 1835 1692 1924 quod
1755 1835 2001 1918 dieunt,
2064 1839 2487 1926 patronatum
2562 1835 2851 1922 ejusdem
2908 1835 3165 1902 666166161Ι

1103 1941 1494 2008 deteriorari.
1619 1941 2067 2028 Consequetur
2140 1947 2365 2010 autem
2440 1948 2509 2011 et
2590 1941 2681 2010 sie
2740 1941 2907 2030 quod
2962 1941 3167 2032 hujus-

1103 2049 1282 2114 modi
1313 2069 1518 2114 causae
1567 2047 2011 2114 ecclesiasticae
2060 2071 2399 2136 nunquam
2442 2047 2913 2116 descindentur.
2982 2049 3043 2114 A
3084 2071 3165 2114 se—

1103 2152 1304 2218 culari
1367 2151 1538 2218 enim
1589 2151 1814 2240 judice
1877 2153 2167 2220 descindi
2238 2175 2371 2220 non
2430 2157 2755 2242 poterunt,
2830 2175 3033 2242 neque
3090 2155 3163 2220 ab·

1103 2257 1530 2326 ecclesiastico
1575 2259 1814 2344 judice,
1865 2259 2171 2326 obstante
2224 2259 2401 2346 regia
2448 2261 2901 2348 prohibitione.
2990 2259 3165 2326 Forte

1103 2369 1328 2430 autem
1373 2383 1494 2430 nee
1543 2361 1961 2452 consequitur
2008 2363 2183 2452 quod
2230 2365 2303 2430 in
2348 2363 2723 2452 hujusmodi
2772 2363 2973 2430 causis
3000 2365 3165 2430 evin-

1105 2477 1292 2540 cente
1337 2479 1568 2556 aetore,
1629 2473 2061 2540 imminuetur
2118 2477 2505 2562 patronatus
2568 2473 2835 2540 alterius
2890 2473 3163 2540 eeclesiae.-

1107 2577 1262 2646 Non
1315 2577 1492 2646 enim
1543 2577 1762 2646 minus
1811 2583 1912 2646 est
1956 2583 2269 2668 patronus
2316 2577 2431 2666 qui
2472 2577 2739 2646 minoris
2784 2577 3053 2646 ecelesiae
3080 2581 3167 2646 est

1105 2691 1438 2776 patrorum,
1505 2685 1676 2752 sieut
1735 2701 1858 2752 1166
1915 2685 2133 2752 minus
2194 2683 2293 2752 est
2346 2685 2547 2772 pater,
2604 2685 2721 2772 qui
2766 2685 3021 2752 minoris
3064 2685 3167 2752 ho-

1107 2791 1304 2858 minis
1359 2795 1460 2856 est
1505 2793 1706 2878 pater.
1799 2789 2195 2858 Patronatus
2244 2787 2417 2856 enirn
2478 2807 2593 2856 seu
2644 2793 2757 2880 jus
2806 2793 3165 2878 patronatus

1107 2919 1244 2962 11011
1287 2891 1658 2962 intenditur
1705 2895 1812 2962 vel
1863 2895 2227 2962 remittitur
2274 2917 2361 2962 ex
2406 2895 2775 2982 majoritate
2822 2897 2925 2962 vel
2978 2895 3165 2962 mino·-

1105 3003 1304 3066 ritate
1351 3001 1444 3068 rei
1495 3001 1676 3090 eujus
1731 3003 1832 3066 est
1881 3003 2283 3090 patronatus,
2376 2999 2701 3068 Praeterea
2750 2999 2913 3066 sieut
2956 3001 3167 3066 tubera

1107 3111 1174 3174 et
1221 3129 1298 3174 ea
1341 3129 1490 3194 quae
1535 3109 1760 3174 contra
1801 3109 2109 3172 naturam
2138 3109 2515 3174 excrescunt
2560 3105 2631 3172 in
2676 3127 2863 3172 carne
2888 3095 3177 3188 hominia

1107 3233 1242 3276 non
1287 3213 1532 3300 augent
1579 3213 1794 3300 ipsum
1839 3211 2181 3290 hominem,
2232 3213 2347 3278 sed
2392 3211 2745 3278 deturbant
2760 3237 2775 3294 3
2822 3215 2887 3276 et
2928 3211 3165 3278 medici-

1107 3317 1274 3384 nalis
1345 3315 1616 3384 abscisio
1673 3317 2147 3384 innaturalium
2208 3315 2583 3404 hujusmodi
2640 3319 3165 3384 excrementorum

1105 3423 1320 3512 ipsum
1367 3423 1700 3488 hominem
1751 3445 1884 3490 non
1929 3421 2279 3502 imminuit,
2314 3423 2429 3490 sed
2474 3421 2691 3510 potius
2736 3421 3081 3510 pulerifieat
3108 3425 3165 3486 et

1107 3532 1312 3606 sanat,
1397 3527 1494 3594 ita
1551 3527 1820 3616 injustae
1891 3527 2323 3616 possessiones
2384 3531 2451 3594 et
2516 3527 2703 3616 quasi
2772 3527 3165 3616 possessiones

1107 3633 1404 3698 ecelesias
1483 3633 1658 3720 ipsas
1717 3653 1852 3698 11011
1911 3639 2169 3720 augent,
2238 3633 2349 3698 sed
2408 3633 2799 3714 deturbant3
2846 3637 2911 3698 et
2966 3655 3165 3698 earum

1107 3735 1380 3804 abscisio
1427 3759 1542 3826 per
1581 3735 1842 3824 justum
1883 3737 2211 3826 judicium
2258 3759 2395 3804 non
2442 3741 2559 3804 est·
2600 3735 2997 3804 ecelesiarum
3058 3737 3165 3804 im-

1105 3843 1406 3926 minuti0‚
1485 3841 1600 3910 sed
1673 3843 1898 3932 potius
1944 3841 2373 3932 pulerificatio
2418 3843 2721 3930 quaedam
2766 3849 2833 3910 et
2904 3843 3169 3924 sanatio;

1105 3949 1282 4014 unde
1337 3953 1402 4014 et
1455 3953 1842 4036 patronatus
1903 3969 2019 4014 seu
2070 3949 2177 4036 jus
2224 3951 2611 4036 patronatus
2654 3971 2771 4036 per
2820 3947 3169 4036 hujusmodi

1109 4051 1536 4120 abscisionem
1585 4053 1768 4118 nullo
1807 4051 2001 4118 modo
2046 4059 2261 4140 potest
2304 4053 2609 4118 imminui
2654 4053 2763 4120 vel
2802 4053 3165 4132 deteriorari,

1107 4159 1220 4224 sed
1249 4159 1460 4224 multo
1505 4157 1786 4246 amplius
1825 4157 2173 4224 emendari.
2264 4157 2541 4248 Legitur
2580 4157 2659 4226 de
2706 4157 2889 4224 bonis
2932 4159 3169 4248 regibus

1109 4261 1226 4350 qui
1271 4261 1518 4328 cultum
1571 4261 1700 4328 Dei
1733 4257 2315 4350 amplificaverunt,
2364 4269 2433 4330 et
2478 4263 2917 4330 ministrorum
2960 4263 3171 4330 Divini

1109 4365 1322 4434 cultus
1375 4371 1734 4454 potestates
1775 4371 1844 4432 et
1887 4365 2225 4434 libertates
2278 4367 2737 4436 dilatavenmt.
2826 4369 2925 4434 De
2972 4367 3173 4456 impiis

769 4477 792 4524 1
815 4473 944 4546 Reg.
961 4479 1070 4536 xix.
1109 4491 1262 4536 vero
1293 4493 1328 4536 e
1369 4475 1592 4536 eontra
1645 4469 1898 4536 dietum
1948 4473 2047 4536 est
2076 4491 2093 4554 3
2136 4473 2199 4536 A
2212 4471 2421 4538 {tarta
2466 4479 2605 4540 tuot⁴
2634 4467 3093 4540 destruxerunt
3120 4475 3175 4538 et

769 4545 846 4596 10.

1097 4575 1462 4662 ‘prophetas
1507 4581 1658 4644 tuos
1709 4573 2105 4644 occiderunt
2158 4575 2405 4662 yladio.
2498 4575 2589 4642 Et
2638 4597 2855 4642 nonne
2880 4575 3057 4662 pejus
3084 4579 3173 4640 est

1103 4683 1460 4768 potestates
1491 4683 1560 4746 et
1589 4679 1930 4746 libertates
1962 4679 2243 4746 ecelesiae
2286 4685 2357 4748 et
2400 4679 2849 4746 executionem
2876 4679 3173 4744 ecelesias-

1099 4785 1250 4854 1210ae
1293 4783 1580 4884 justitiae
1641 4807 1840 4874 quam
1899 4805 2043 4852 aras
2104 4785 2391 4872 lapideas
2464 4783 2845 4852 destruere?
2952 4781 3173 4848 Nonne
