3875 5734
1063 771 1194 836 222
1705 783 2001 834 RoBERTI
2046 781 2505 834 GRoSsETEs'rE

719 991 846 1044 Gen.
869 991 1016 1044 xxiii.
1055 969 1164 1034 vir
1207 987 1502 1056 paganus
1547 965 1834 1056 pretium
1897 965 2253 1056 sepulturae
2322 965 2407 1032 ab
2478 963 2813 1032 Abraham
2874 971 3143 1058 accipere

725 1067 796 1114 ¹5·
1055 1075 1364 1152 renuerit,
1413 1077 1484 1140 et
1529 1095 1676 1140 cum
1721 1073 1995 1140 tandem
2046 1073 2199 1142 licet
2244 1073 2497 1140 invitus
2566 1073 2829 1164 accepit,
2878 1077 3141 1144 nominis

1055 1181 1160 1246 sui
1225 1179 1758 1248 immutationem
1819 1179 1892 1248 in
1956 1181 2223 1272 signum
2286 1179 2763 1270 reprobationis
2830 1183 3141 1248 meruerit.

719 1307 806 1360 An
833 1305 1032 1372 objec-·
1149 1283 1408 1354 Obiciet
1453 1297 1672 1356 autem
1721 1287 1892 1356 forte
1940 1287 2177 1376 aliquis
2226 1293 2293 1356 et
2340 1287 2529 1370 dicet,
2580 1287 2753 1376 quod
2818 1289 3141 1376 superioris

719 1379 826 1496 33181
851 1383 968 1494 ibat
1055 1391 1580 1460 ratiocinationis
1627 1395 1934 1462 decursus
1980 1395 2193 1460 aufert
2238 1395 2433 1462 curiae
2480 1395 2675 1482 regiae
2722 1393 3139 1482 cognitionem

719 1515 760 1566 it
779 1483 900 1566 dsses
933 1581 948 1594 .
1061 1521 1274 1566 causae
1305 1525 1514 1590 ‘super
1555 1500 1724 1568 laico
1767 1501 1977 1580 feod0,
2026 1523 2223 1590 quem
2264 1503 2453 1566 tenet
2500 1501 2609 1566 vel
2658 1499 2829 1590 petit
2874 1499 3139 1582 clericUS,

713 1583 1010 1704 ξῇἃῇζῖιιὲ
1059 1605 1216 1692 quia
1259 1607 1332 1672 in
1373 1605 1754 1694 hujusmodi
1799 1629 1995 1674 causa
2038 1605 2305 1674 clericus
2336 1605 2607 1674 videtur
2640 1605 2931 1692 judicari.
3020 1605 3141 1674 Sed

713 1695 1038 1800 osthessing’s
1059 1713 1146 1778 ad
1175 1711 1298 1778 hoc
1339 1713 1788 1800 respondetur,
1823 1713 2001 1798 quod
2044 1713 2325 1800 quilibet
2356 1711 2709 1800 singularis
2736 1713 2925 1776 homo
2954 1713 3139 1778 etiam

719 1795 862 1908 ἓξὲξ
881 1805 942 1910 {J}
1059 1841 1210 1884 cum
1255 1817 1558 1884 omnibus
1603 1817 1858 1884 actibus
1901 1817 2037 1884 61116
2082 1837 2253 1882 unus
2298 1821 2369 1884 et
2412 1841 2621 1884 unum
2660 1823 2761 1884 est
2788 1843 2805 1898 ;
2848 1839 2961 1884 nec
2988 1817 3141 1884 alius

719 1929 802 1994 lay
829 1929 932 1980 sees
1055 1945 1176 1990 nec
1221 1923 1402 1990 aliud
1447 1929 1548 1990 est
1593 1923 1826 1990 Petrus
1871 1947 2073 2012 agens
2118 1929 2187 1990 et
2250 1923 2485 1992 Petrus
2546 1923 2817 2014 simplici
2826 1929 2939 2006 ter,
3000 1923 3141 1992 licet

717 1997 836 2046 held
857 2013 914 2048 or
1317 2029 1330 2044 .

719 2067 902 2132 sought
925 2067 998 2134 by
1053 2031 1224 2094 alter
1283 2033 1370 2094 sit
1415 2029 1522 2094 vel
1601 2030 1936 2094 alteratus,
2026 2029 2093 2094 N
2096 2029 2269 2094 ullue
2316 2051 2473 2096 vero
2540 2053 2691 2096 cum
2752 2053 2871 2094 sua
2918 2053 3143 2118 posses-

719 2135 904 2188 clerks.
1055 2133 1236 2198 sione
1281 2137 1384 2200 est
1425 2155 1598 2198 unus
1643 2132 1880 2220 aliquis
1925 2133 2035 2200 vel
2080 2157 2287 2198 unum
2334 2133 2605 2222 aliquid,
2640 2135 2805 2202 sicut
2850 2157 2991 2202 cum
3032 2157 3141 2200 sua

719 2227 912 2352 332&
1053 2239 1312 2306 actione
1357 2241 1460 2306 est
1505 2261 1676 2304 unus
1719 2237 1953 2326 aliquis
2000 2245 2067 2304 et
2130 2263 2339 2304 unum
2402 2241 2671 2328 aliquid.
2766 2241 2851 2304 In
2904 2245 3141 2306 contro-

1053 2345 1270 2412 versia
1313 2343 1520 2432 igitur
1561 2343 1646 2410 de
1689 2345 1864 2412 facto
1907 2344 2017 2410 vel
2062 2345 2385 2432 qualitate
2428 2345 2589 2412 facti
2650 2343 2917 2430 alicujus
2962 2349 3139 2412 certae

1051 2473 1360 2540 personae,
1409 2449 1814 2538 dijudicatur
1859 2451 2021 2538 quie,
2072 2473 2355 2540 persona
2412 2449 2719 2518 videlicet
2780 2473 2993 2538 agene,
3040 2451 3137 2516 vel

1053 2579 1256 2646 agens
1311 2557 1420 2622 sic.
1535 2555 1622 2622 In
1689 2557 2131 2622 controversia
2190 2579 2349 2622 vero
2410 2557 2493 2622 de
2562 2557 2949 2644 possessione
3012 2579 3135 2622 non

1053 2663 1458 2750 dijudicatur
1503 2661 1664 2748 quie,
1701 2661 1814 2726 sed
1849 2661 2011 2748 quid
2040 2661 2223 2748 cujus
2264 2661 2369 2726 sit.
2432 2661 2711 2742 Quando
2756 2661 2955 2748 igitur
2982 2661 3133 2726 illud

1055 2767 1220 2854 quid
1261 2767 1488 2834 laicale
1533 2771 1646 2848 est,
1679 2765 1852 2832 nihil
1893 2767 2171 2854 impedit
2240 2765 2401 2852 quin
2464 2767 2669 2854 possit
2730 2765 2973 2832 laicalis
3032 2789 3137 2854 po-

1053 2881 1262 2940 testas
1305 2871 1664 2959 dijudicare
1709 2871 1892 2956 cujus
1960 2871 2127 2936 illud
2190 2871 2355 2958 quid
2420 2871 2527 2950 sit,
2576 2871 2787 2936 clerici
2832 2871 3131 2952 videlicet,

1055 2979 1194 3042 sive
1239 2975 1404 3056 laici,
1453 2999 1604 3042 cum
1647 2975 2093 3066 principaliter
2136 2975 2331 3042 cadat
2364 2975 2685 3062 judicium
2756 2997 2941 3064 super
2982 2977 3133 3042 illud

1055 3081 1234 3168 quid,
1279 3105 1418 3148 non
1463 3105 1658 3170 super
1715 3103 2057 3170 personam
2126 3079 2311 3166 cujus
2378 3087 2493 3148 est.
2586 3081 2669 3146 In
2730 3081 2931 3146 altero
2988 3103 3133 3146 vero

1055 3207 1292 3272 genere
1359 3187 1816 3252 controversiae
1885 3185 2267 3276 simpliciter
2338 3187 2511 3252 cadit
2576 3185 2895 3272 judicium
2958 3207 3135 3276 super

1055 3315 1412 3380 personam.
1505 3291 1592 3360 Et
1633 3293 1778 3360 ideo
1811 3291 1868 3358 61
1913 3315 2187 3380 persona
2234 3293 2325 3360 sit
2370 3291 2807 3374 ecclesiastica,
2840 3315 2967 3358 non
2996 3291 3133 3360 sub-

1055 3401 1156 3462 est
1189 3395 1442 3482 judicio
1487 3399 1836 3486 potestatis
1879 3399 2141 3466 laicalis,

725 3539 834 3590 The
857 3541 944 3592 ob·
1149 3501 1492 3570 Conantur
1533 3507 1754 3568 autem
1799 3503 2067 3590 quidam
2114 3501 2391 3590 probare
2458 3501 2633 3590 quod
2694 3501 2987 3568 dominus
3026 3525 3135 3568 rex

719 3609 904 3674 jectors
927 3607 1228 3696 a1sojussse
1273 3611 1494 3696 potest
1539 3605 1900 3694 dijudicare
1950 3609 2223 3688 clericoS,
2272 3631 2419 3672 cum
2464 3607 2875 3696 impetuntur
2904 3629 2941 3672 a
2968 3609 3135 3672 laicis

719 3693 814 3798 ῗζζ
827 3679 956 3816 {¹1¹3}
1057 3713 1130 3780 in
1175 3711 1544 3780 actionibus
1589 3711 2087 3802 personalibu53
2132 3711 2289 3802 quia
2320 3713 2377 3778 61
2420 3713 2565 3800 quis
2616 3713 2877 3780 clericus
2918 3713 3135 3802 spolia
3234 3771 3241 3780 .

727 3831 822 3894 pan
847 3819 1020 3868 decide
1057 3819 1236 3884 verit
1307 3819 1546 3884 laicum
1609 3819 1798 3884 feodo
1869 3841 1987 3884 suo
2052 3818 2285 3900 laicali,
2364 3823 2581 3906 potest
2640 3817 2815 3884 idem
2886 3819 3135 3884 clericus

723 3899 938 4002 sshqzses
1061 3921 1398 3992 conveniri
1427 3923 1512 3990 ab
1541 3921 1768 3990 eodem
1811 3921 1975 3990 laico
2032 3925 2105 3994 in
2154 3925 2291 3990 foro
2326 3923 2505 4010 regio
2558 3945 2747 4010 super
2786 3921 3135 4008 hujusmodi

725 4023 994 4140 cleffzffl'e
1061 4029 1466 4116 spoliatione.
1559 4029 1730 4096 Cum
1763 4027 1971 4116 igitur
2004 4027 2305 4116 spoliatio
2336 4029 2583 4094 factum
2616 4033 2683 4092 et
2728 4029 3025 4094 delictum
3054 4029 3135 4094 sit

723 4105 938 4222 111513111εὲ
947 4157 1004 4206 in
1061 4131 1422 4222 spoliantis,
1471 4137 1690 4220 potest
1747 4133 2019 4198 clericus
2070 4155 2265 4220 super
2318 4133 2491 4198 facto
2532 4137 2601 4198 et
2644 4131 2879 4198 delicto
2918 4155 3025 4198 6110
3070 4133 3135 4196 in
3208 4175 3213 4180 -

725 4227 956 4344 {ggssgnal
1061 4239 1202 4304 foro
1249 4237 1520 4304 seculari
1573 4237 1920 4304 conveniri.
2014 4235 2147 4302 Sed
2192 4239 2277 4302 ad
2322 4239 2443 4302 hoc
2486 4239 2923 4326 respondetur,
2970 4237 3135 4324 quod

727 4385 838 4434 The
863 4329 876 4344 ⁰
1063 4367 1212 4410 cum
1243 4343 1410 4408 alius
1439 4341 1676 4430 spoliat
1721 4341 1922 4408 alium
1956 4341 2143 4408 feodo
2174 4365 2293 4410 6110
2322 4341 2551 4422 laicali,
2588 4347 2655 4408 et
2686 4349 3137 4428 consequenter

725 4469 928 4508 answe··.
1063 4447 1326 4512 feodum
1355 4447 1544 4512 illum
1591 4451 1862 4536 occupat
1895 4449 1963 4512 et
1996 4447 2249 4512 detinet
2294 4467 2619 4536 possessor
2648 4447 2785 4534 ejus
2832 4449 2911 4512 de
2952 4447 3131 4530 facte,

1059 4551 1214 4618 licet
1257 4575 1394 4618 non
1437 4551 1520 4618 (16
1553 4551 1724 4638 jure,
1773 4551 2007 4618 incidit
2052 4551 2125 4616 in
2166 4551 2289 4618 hoc
2352 4575 2505 4618 casu
2568 4551 2809 4640 duplex
2874 4553 3135 4620 materia

1061 4655 1334 4722 actionis
1367 4659 1436 4722 et
1465 4655 1920 4722 controversiae
1950 4679 1965 4720 ε
2010 4679 2145 4722 una
2188 4657 2367 4722 enim
2394 4657 2669 4722 materia
2700 4659 3135 4722 controversiae

1057 4763 1160 4826 est
1203 4759 1430 4824 feodus
1471 4783 1586 4848 per
1631 4761 2119 4850 occupationem
2162 4765 2529 4848 occupatae,
2576 4765 2643 4826 et
2688 4767 3137 4848 consequenter

1059 4863 1382 4946 detentu3‚
1429 4863 1748 4932 deductus
1789 4867 1862 4932 in
1905 4865 2413 4934 controversiam
2468 4865 2671 4952 justae
2714 4867 2819 4932 vel
2880 4867 3133 4954 injustae
