3875 5734
1047 847 1178 914 246
1703 857 1995 912 nonnam
2038 861 2493 918 enosssrnsrr:

1045 1065 1168 1110 nec
1209 1041 1430 1128 potuit
1475 1045 1704 1110 nostra
1745 1041 2047 1110 molestia
2106 1041 2189 1110 de
2246 1047 2469 1110 vestra
2520 1041 2975 1110 molestatione
3016 1065 3127 1110 ex-

1047 1151 1210 1224 orta,
1287 1145 1516 1232 gaudii
1587 1147 1796 1212 nostri
1877 1147 2289 1232 diffusionem
2364 1167 2497 1210 non
2586 1145 2943 1232 reprimere,
3018 1149 3127 1212 sed

1047 1247 1354 1334 repressit
1395 1249 1698 1340 fortiter3
1761 1251 2071 1314 concedat
2130 1253 2353 1314 autem
2398 1247 2721 1314 Dominus
2772 1249 2945 1334 quod
3000 1251 3127 1314 uti-

1043 1351 1238 1418 liter:
1307 1353 1412 1418 vis
1475 1357 1702 1418 tamen
1763 1353 1959 1420 dictae
2022 1353 2339 1418 molestiae
2406 1354 2661 1430 nostrae,
2742 1351 2865 1416 etsi
2934 1351 3125 1418 fuerit

1047 1475 1182 1518 non
1233 1475 1466 1540 parum
1509 1453 1748 1534 valida,
1793 1475 1932 1518 non
1992 1459 2223 1518 tamen
2278 1453 2673 1520 invalescere
2732 1451 2965 1540 potuit,
3014 1453 3115 1518 ut¹

1049 1557 1338 1622 multum
1379 1557 1554 1622 infra
1595 1563 1802 1622 metas
1847 1555 2301 1622 moderaminis
2346 1561 2643 1622 nostrum
2684 1557 3123 1642 comprimeret

1049 1659 1498 1746 supradictum
1559 1659 1640 1724 de
1697 1661 1918 1724 vestra
1974 1659 2407 1724 sincerissima
2466 1659 2809 1724 dilectione
2872 1679 3125 1744 concep-
3226 1705 3237 1718 .

1049 1765 1200 1826 tum
1259 1761 1586 1848 gaudium.
1709 1759 1866 1824 Non
1923 1761 2099 1824 enim
2164 1781 2283 1826 nos
2342 1759 2553 1840 latet‚'
2600 1761 2715 1824 sed
2784 1760 3123 1846 multiplici

1047 1869 1234 1950 patet
1295 1863 1712 1950 experientia,
1759 1863 2087 1926 virtutum
2144 1867 2515 1928 vestrarum
2580 1862 3009 1950 infrangibilis
3056 1867 3123 1928 et

1043 1965 1506 2038 irremissibilis
1549 1965 1938 2046 constantia,
1986 1985 2061 2030 ac
2116 1987 2235 2052 per
2292 1965 2417 2032 hoc
2476 1965 2649 2052 quod
2712 1965 2943 2030 caritas
2982 1987 3123 2030 ves-

1043 2071 1152 2132 tra
1197 2067 1398 2132 etiam
1439 2071 1790 2154 provocata
1849 2087 1987 2138 non
2034 2067 2355 2146 irritatur,
2402 2087 2523 2132 nec
2568 2067 2829 2144 excidit,
2872 2089 2987 2132 nec
3028 2067 3121 2132 di-

1043 2169 1478 2234 minutionem
1537 2169 1830 2256 suscipit,
1881 2169 1999 2234 sed
2056 2169 2239 2242 omni
2300 2173 2595 2256 ‚tempore
2638 2169 2871 2256 diligit.
2960 2169 3119 2236 Cum

1043 2271 1250 2356 igitur
1317 2271 1682 2336 dilectionis
1741 2275 1981 2336 vestrae
2044 2271 2421 2336 noverimus
2478 2271 2923 2336 inconcussam
2976 2291 3119 2336 con-

1041 2373 1372 2452 stantiam,
1449 2395 1586 2438 non
1655 2373 1892 2466 potuit,
1956 2375 2037 2438 ut
2110 2395 2307 2460 supra
2382 2373 2685 2452 diximus,
2760 2373 2843 2438 de
2910 2377 3121 2438 vestra

1039 2475 1498 2554 molestatione
1539 2481 1766 2548 nostra
1811 2475 2115 2550 molestia
2156 2475 2249 2548 sic
2310 2475 2603 2550 animum
2646 2479 2937 2538 nostrum
2980 2497 3119 2546 con-

1039 2583 1276 2658 cutere,
1325 2579 1486 2664 quin
1541 2579 1734 2664 plene
1791 2577 2111 2664 gauderet
2172 2577 2253 2642 de
2312 2583 2551 2650 vestrae
2610 2577 2977 2652 sanctitatis
3018 2597 3117 2642 su-

1039 2681 1450 2768 pereffluenti
1493 2679 1860 2760 dilectione,
1893 2703 2091 2766 quam
2136 2701 2271 2744 non
2312 2701 2655 2766 possumus
2698 2701 2851 2772 non·
2874 2679 3117 2746 credere

1041 2805 1198 2868 erga
1241 2805 1360 2850 nos
1403 2783 1850 2854 inconcussam
1895 2787 1965 2848 et
2020 2781 2221 2850 etiam
2262 2781 2655 2846 irremissam
2684 2803 3115 2868 perseverare:

1043 2885 1160 2952 sed
1187 2907 1308 2956 nec
1347 2909 1382 2952 e
1413 2907 1722 2952 converso
1751 2885 1975 2972 potuit
2002 2885 2179 2950 idem
2224 2885 2537 2970 gaudium
2568 2885 2807 2950 dictam
2838 2889 3117 2950 nostram

1043 2987 1410 3052 molestiam
1469 2987 1550 3054 de.
1609 2991 1830 3054 vestra
1901 2985 2355 3072 molestatione
2412 2985 2637 3062 tollere
2660 2985 2727 3068 2;
2792 2985 2903 3052 sed
2972 2985 3117 3054 licet

1043 3087 1460 3154 adversantia
1531 3087 1658 3152 sibi
1717 3087 1852 3152 sint
1911 3087 2229 3174 gaudium
2290 3093 2361 3154 et
2402 3087 2719 3168 molestia,
2764 3087 3117 3154 adinvicem

1043 3189 1256 3276 magis
1299 3213 1434 3256 sese
1479 3189 1930 3276 compulerunt
1960 3189 2031 3262 in
2076 3193 2503 3276 augmentum
2546 3189 2925 3276 procedere:
2970 3189 3117 3276 quia

1043 3297 1270 3358 tamen
1331 3293 1412 3360 de
1471 3291 1688 3364 radice
1751 3291 2003 3378 optima
2026 3313 2181 3356 una
2226 3295 2295 3354 et
2346 3295 2619 3378 utraque
2662 3283 3113 3378 processerunt,

1043 3397 1124 3458 ut
1155 3415 1502 3480 speramus
1533 3413 1670 3464 non
1713 3391 2039 3456 sinerent⁸
2070 3415 2207 3458 sese
2236 3393 2611 3458 alternatim
2640 3393 3117 3480 magnificantes

1043 3495 1118 3558 in
1189 3493 1450 3560 vitiosae
1465 3491 1492 3530 4
1565 3485 2037 3582 superfluitatis
2112 3495 2643 3562 immoderamine
2660 3493 2689 3530 ⁵
2760 3483 3117 3566 exuberare.

1045 3597 1350 3684 Utraque
1393 3597 1600 3684 igitur
1643 3597 1834 3670 nobis
1861 3601 2019 3664 sunt
2056 3597 2217 3666 laeta
2258 3603 2327 3664 et
2368 3599 2657 3684 jocunda
2698 3599 2927 3682 valde;
2966 3621 3117 3686 gau-

1045 3699 1230 3770 dium,
1295 3699 1538 3766 scilicet
1607 3701 1688 3766 de
1753 3705 1977 3790 vestra
2050 3699 2459 3768 serenissima
2530 3699 2835 3782 amicitia,
2906 3707 2973 3766 et
3042 3701 3119 3768 de

1043 3805 1268 3868 vestra
1309 3801 1760 3868 molestatione
1821 3807 2047 3868 nostra
2102 3801 2439 3870 molestia:
2502 3803 2617 3868 sed
2676 3803 2757 3870 de
2818 3825 2893 3868 eo
2952 3803 3117 3888 quod

1045 3907 1284 3970 vestrae
1349 3903 1790 3970 molestationi
1853 3903 2251 3970 occasionem
2310 3903 2755 3990 praestitimus,
2800 3925 2931 3980 non
2990 3927 3119 3970 me-

1049 4007 1354 4072 diocriter
1413 4005 1724 4088 dolemuS,
1791 4007 2067 4074 scientes
2136 4007 2309 4092 quod
2384 4009 2561 4072 omni
2626 4005 2963 4094 diligentia
3020 4029 3119 4074 ca-

1049 4109 1340 4176 vendum
1413 4113 1514 4176 est
1583 4107 1754 4190 filiis,
1823 4131 1906 4176 ne
1980 4109 2279 4196 patribus
2360 4113 2673 4196 praestent
2760 4107 3117 4176 offensionis

1051 4211 1434 4298 cujusquam
1479 4209 1892 4278 occasionem.
1986 4211 2077 4284 Et
2120 4215 2445 4300 quantum
2500 4209 2801 4278 novimus
2844 4215 3117 4286 vestram

1119 4585 1136 4616 ¹
1169 4585 1250 4650 ut]
1287 4559 1354 4648 et,
1375 4583 1554 4638 G.C.O,
2212 4583 2231 4614 ⁴
2262 4585 2619 4650 maynfficantes
2652 4587 2705 4634 in
2730 4585 2935 4650 vitiosae]
2970 4583 3121 4634 modi-

1117 4665 1138 4696 2
1171 4661 1352 4728 tollere]
1387 4679 1488 4714 om.
1511 4663 1688 4716 C.c.C.
2142 4665 2349 4716 ficantes
2368 4665 2625 4724 invictose‚
2650 4665 2749 4716 Ox.
2774 4665 2983 4730 O.c.c2.

1117 4745 1136 4774 ³
1167 4743 1402 4808 sinerent]
1429 4743 1670 4802 sinerum,
1687 4743 1840 4794 MSS.
2176 4745 2609 4814 5immoderamine]
2630 4745 2685 4804 in
2698 4743 3117 4802 moderameussx-
