3875 5734
1537 837 1896 890 nmsronAE.
2354 801 2359 810 ⁸
2630 823 2757 892 261

683 1011 1028 1078 subvenire
1117 1014 1388 1078 curaret.
1499 1011 1712 1092 Quam
1787 1011 2325 1098 supplicationem
2410 1035 2453 1076 a
2524 1013 2763 1078 vestrae

685 1113 1050 1178 sanctitatis
1091 1113 1572 1180 ferventissimo
1617 1115 1760 1178 zelo
1801 1113 2277 1178 exaudiendam
2320 1113 2457 1178 fore
2498 1113 2571 1178 in
2622 1113 2763 1178 ani-

683 1239 934 1282 marum
977 1217 1256 1282 salutem
1301 1223 1368 1282 et
1409 1215 1684 1280 firmiter
1729 1215 1920 1280 credo
1964 1219 2035 1280 et
2076 1215 2379 1282 alacriter
2420 1239 2649 1302 sper03
2694 1221 2763 1284 et

683 1317 836 1406 quia
905 1317 980 1382 in
1049 1317 1174 1384 hoc
1247 1317 1594 1384 anchoram
1667 1315 1808 1404 spei
1895 1317 2399 1384 immutabiliter
2470 1319 2609 1400 fixi,
2676 1319 2763 1386 ad

681 1425 914 1488 vestrae
1001 1419 1372 1486 sanctitatis
1469 1443 1808 1486 recurrens
1897 1419 2279 1498 subsidium,
2370 1419 2557 1488 vobis
2642 1421 2763 1488 sub

683 1525 1004 1616 brevitate
1061 1523 1228 1590 duxi
1301 1523 1806 1610 significandum
1873 1525 2047 1610 quod
2120 1545 2271 1590 cum
2342 1545 2535 1590 causa
2608 1523 2763 1590 visi-

681 1627 948 1694 tationis
989 1625 1078 1692 ad
1121 1627 1454 1692 ecclesiam
1501 1627 1862 1694 Lincolniae
1905 1627 2345 1714 personaliter⁴
2380 1627 2763 1708 accederem,

683 1753 754 1796 ac
841 1731 1082 1796 decano
1159 1735 1226 1796 et
1313 1729 1604 1818 capitulo
1675 1729 1844 1796 mihi
1931 1751 2067 1796 non
2142 1729 2761 1818 obtemperantibus

683 1833 1148 1900 monitionibus
1191 1833 1494 1920 plurimis
1529 1833 1668 1920 jam
1727 1833 2265 1920 praecedentibus
2310 1833 2385 1898 in
2452 1833 2765 1920 quosdam

683 1937 762 2002 de
803 1937 1088 2022 capitulo
1133 1935 1656 2002 animadvertere
1699 1937 2125 2022 disponerem,
2168 1935 2441 2000 tandem
2488 1935 2567 2000 de
2612 1957 2765 2022 pru-

683 2039 974 2106 dentium
1019 2039 1290 2106 consilio
1317 2037 1392 2104 in
1419 2039 1754 2124 quandam
1795 2037 2073 2104 formam
2114 2039 2295 2124 pacis
2322 2037 2763 2116 convenimus

683 2163 872 2226 quam
915 2145 1154 2206 vestrae
1213 2139 1550 2208 sanctitati
1615 2139 2001 2206 transmitto
2066 2139 2499 2226 praesentibus
2562 2139 2767 2204 inter·-

683 2245 946 2324 clusam3
991 2243 1230 2310 humili
1259 2243 1608 2310 devotione
1651 2243 2041 2332 supplicans,
2086 2245 2401 2328 quatinus
2442 2245 2515 2308 in
2558 2243 2767 2310 literis

681 2345 1028 2412 secundum
1069 2345 1360 2412 tenorem
1407 2347 1616 2434 ipsius
1659 2369 1700 2410 a
1743 2367 1848 2412 me
1893 2353 1961 2412 et
2008 2345 2293 2432 capitulo
2334 2345 2767 2412 communiter

681 2449 1124 2536 impetrandiS,
1209 2453 1436 2514 vestra
1509 2447 1824 2514 sanctitas
1915 2449 2107 2514 illum
2196 2449 2389 2514 nobis
2472 2451 2763 2514 favorem

683 2551 980 2616 exhibeat
1023 2571 1220 2636 quem
1281 2551 1352 2614 in
1399 2549 1676 2616 salutem
1719 2549 2089 2614 animarum
2134 2551 2397 2616 noverit
2436 2553 2765 2638 proficere,

683 2659 748 2718 et
791 2651 1136 2738 episcopali
1177 2653 1424 2730 honori,
1471 2651 1548 2716 in
1589 2657 1916 2738 quantum
1974 2653 2185 2718 honor
2226 2653 2623 2718 necessarius
2666 2657 2769 2718 est

683 2757 874 2834 oneri,
947 2753 1196 2820 viderit
1219 2753 1240 2790 ¹
1313 2755 1674 2820 convenire.
1769 2754 1856 2820 In
1915 2775 2151 2820 manus
2216 2775 2475 2842 quoque
2538 2755 2769 2842 gratiae

683 2859 1046 2924 sanctitatis
1109 2859 1366 2936 vestrae,
1433 2879 1580 2944 quse
1641 2877 1987 2944 personam
2052 2879 2267 2922 meam
2332 2877 2641 2944 meosque
2698 2863 2769 2924 et

681 2963 900 3024 nostra
941 2959 1212 3046 negotia
1253 2959 1586 3024 uberrima
1643 2959 2077 3048 benignitatis
2120 2959 2457 3026 affluentia
2518 2983 2771 3048 semper

683 3069 778 3126 est
805 3069 1164 3150 prosecuta,
1213 3063 1442 3126 eadem
1469 3063 1708 3128 devote
1739 3063 2119 3128 commendo
2164 3069 2233 3128 et
2274 3063 2771 3144 recommend03

683 3165 1042 3252 supplicans
1083 3169 1232 3230 toto
1275 3165 1518 3230 mentis
1563 3165 1882 3230 desiderio
1927 3171 2007 3230 ut
2052 3165 2277 3230 eadem
2340 3167 2573 3252 gratia,
2620 3189 2771 3252 quae

679 3267 878 3334 nescit
921 3267 1244 3346 imminui,
1291 3291 1544 3356 semper
1585 3269 1888 3356 proficiat
1929 3267 2007 3334 in
2048 3273 2491 3356 augmentum.
2580 3269 2771 3336 Inco-

683 3369 1046 3436 lumitatem
1073 3377 1362 3448 vestram
1393 3375 1732 3438 conservet
1761 3371 2145 3438 Altissimus
2166 3373 2331 3438 mihi
2366 3377 2433 3438 et
2464 3373 2769 3440 Ecclesiae

685 3495 814 3540 suae
857 3495 972 3562 per
1013 3477 1312 3562 tempora
1353 3473 1562 3564 longa.

1427 3871 1444 3902 ¹
1477 3871 1676 3938 viderit]
1713 3869 1816 3942 Ὑί),
1837 3869 2021 3924 C.C.0.
