<?xml version="1.0" encoding="UTF-8"?>
<!DOCTYPE html PUBLIC "-//W3C//DTD XHTML 1.0 Transitional//EN"
    "http://www.w3.org/TR/xhtml1/DTD/xhtml1-transitional.dtd">
<html xmlns="http://www.w3.org/1999/xhtml" xml:lang="en" lang="en">
 <head>
  <title>
</title>
<meta http-equiv="Content-Type" content="text/html;charset=utf-8" />
  <meta name='ocr-system' content='tesseract 3.04.00' />
  <meta name='ocr-capabilities' content='ocr_page ocr_carea ocr_par ocr_line ocrx_word'/>
</head>
<body>
  <div class='ocr_page' id='page_1' title='image "./robertigrossete01luargoog_0479.png"; bbox 0 0 3875 5734; ppageno 0'>
   <div class='ocr_carea' id='block_1_1' title="bbox 1605 837 2835 900">
    <p class='ocr_par' dir='ltr' id='par_1_1' title="bbox 1605 837 2835 900">
     <span class='ocr_line' id='line_1_1' title="bbox 1605 837 2835 900; baseline 0.002 -2"><span class='ocrx_word' id='word_1_1' title='bbox 1605 849 1965 900; x_wconf 74' lang='lat' dir='ltr'><strong>sP1sT0LAE.</strong></span> <span class='ocrx_word' id='word_1_2' title='bbox 2706 837 2835 900; x_wconf 88' lang='grc'><strong>339</strong></span> 
     </span>
    </p>
   </div>
   <div class='ocr_carea' id='block_1_2' title="bbox 743 1019 2845 2448">
    <p class='ocr_par' dir='ltr' id='par_1_2' title="bbox 743 1019 2845 2448">
     <span class='ocr_line' id='line_1_2' title="bbox 751 1019 2837 1110; baseline -0.001 -24"><span class='ocrx_word' id='word_1_3' title='bbox 751 1035 788 1064; x_wconf 84' lang='lat'><strong><em>“</em></strong></span> <span class='ocrx_word' id='word_1_4' title='bbox 833 1023 1154 1110; x_wconf 81' lang='lat' dir='ltr'>principes</span> <span class='ocrx_word' id='word_1_5' title='bbox 1213 1025 1526 1086; x_wconf 87' lang='lat' dir='ltr'><strong>tenentur</strong></span> <span class='ocrx_word' id='word_1_6' title='bbox 1589 1021 1888 1102; x_wconf 65' lang='lat' dir='ltr'><strong>ecclesiae,</strong></span> <span class='ocrx_word' id='word_1_7' title='bbox 1950 1041 2071 1086; x_wconf 89' lang='lat' dir='ltr'><strong>nos</strong></span> <span class='ocrx_word' id='word_1_8' title='bbox 2134 1021 2397 1108; x_wconf 80' lang='lat' dir='ltr'><strong>speciali</strong></span> <span class='ocrx_word' id='word_1_9' title='bbox 2456 1019 2709 1086; x_wconf 82' lang='lat' dir='ltr'><strong>ratione</strong></span> <span class='ocrx_word' id='word_1_10' title='bbox 2776 1019 2837 1086; x_wconf 90' lang='lat' dir='ltr'><strong>ei</strong></span> 
     </span>
     <span class='ocr_line' id='line_1_3' title="bbox 749 1123 2835 1212; baseline -0 -24"><span class='ocrx_word' id='word_1_11' title='bbox 749 1137 788 1166; x_wconf 86' lang='lat'><strong>“</strong></span> <span class='ocrx_word' id='word_1_12' title='bbox 833 1147 964 1212; x_wconf 83' lang='lat' dir='ltr'><strong>prae</strong></span> <span class='ocrx_word' id='word_1_13' title='bbox 1055 1123 1304 1188; x_wconf 69' lang='lat' dir='ltr'><strong>coeteris</strong></span> <span class='ocrx_word' id='word_1_14' title='bbox 1367 1123 1772 1210; x_wconf 84' lang='lat' dir='ltr'><strong>principibus</strong></span> <span class='ocrx_word' id='word_1_15' title='bbox 1859 1123 2103 1188; x_wconf 84' lang='lat' dir='ltr'><strong>arctius</strong></span> <span class='ocrx_word' id='word_1_16' title='bbox 2188 1123 2549 1210; x_wconf 82' lang='lat' dir='ltr'>obligamur</span> <span class='ocrx_word' id='word_1_17' title='bbox 2582 1147 2597 1188; x_wconf 91' lang='lat'>:</span> <span class='ocrx_word' id='word_1_18' title='bbox 2690 1143 2835 1188; x_wconf 87' lang='lat' dir='ltr'><strong>cum</strong></span> 
     </span>
     <span class='ocr_line' id='line_1_4' title="bbox 751 1223 2835 1312; baseline 0 -22"><span class='ocrx_word' id='word_1_19' title='bbox 751 1239 784 1266; x_wconf 88' lang='lat'><strong>“</strong></span> <span class='ocrx_word' id='word_1_20' title='bbox 831 1227 1004 1290; x_wconf 87' lang='lat' dir='ltr'><strong>enim</strong></span> <span class='ocrx_word' id='word_1_21' title='bbox 1047 1245 1330 1290; x_wconf 78' lang='lat' dir='ltr'>essemus</span> <span class='ocrx_word' id='word_1_22' title='bbox 1373 1227 1590 1290; x_wconf 84' lang='lat' dir='ltr'><strong>orbati</strong></span> <span class='ocrx_word' id='word_1_23' title='bbox 1655 1231 1858 1312; x_wconf 86' lang='lat' dir='ltr'><strong>patre,</strong></span> <span class='ocrx_word' id='word_1_24' title='bbox 1907 1223 2121 1290; x_wconf 87' lang='lat' dir='ltr'><strong>adhuc</strong></span> <span class='ocrx_word' id='word_1_25' title='bbox 2186 1225 2259 1290; x_wconf 98' lang='grc'><strong>111</strong></span> <span class='ocrx_word' id='word_1_26' title='bbox 2322 1227 2571 1292; x_wconf 82' lang='lat' dir='ltr'><strong>minore</strong></span> <span class='ocrx_word' id='word_1_27' title='bbox 2640 1231 2835 1290; x_wconf 85' lang='lat' dir='ltr'><strong>aetate</strong></span> 
     </span>
     <span class='ocr_line' id='line_1_5' title="bbox 749 1327 2835 1416; baseline 0 -22"><span class='ocrx_word' id='word_1_28' title='bbox 749 1339 784 1368; x_wconf 89' lang='lat'>“</span> <span class='ocrx_word' id='word_1_29' title='bbox 831 1329 1190 1410; x_wconf 77' lang='lat' dir='ltr'><strong>constituti,</strong></span> <span class='ocrx_word' id='word_1_30' title='bbox 1239 1349 1442 1416; x_wconf 82' lang='lat' dir='ltr'><strong>regno</strong></span> <span class='ocrx_word' id='word_1_31' title='bbox 1485 1331 1712 1394; x_wconf 87' lang='lat' dir='ltr'><strong>nostro</strong></span> <span class='ocrx_word' id='word_1_32' title='bbox 1755 1351 1894 1392; x_wconf 85' lang='lat' dir='ltr'><strong>non</strong></span> <span class='ocrx_word' id='word_1_33' title='bbox 1958 1327 2169 1392; x_wconf 87' lang='lat' dir='ltr'><strong>solum</strong></span> <span class='ocrx_word' id='word_1_34' title='bbox 2232 1351 2277 1392; x_wconf 89' lang='lat' dir='ltr'><strong>a</strong></span> <span class='ocrx_word' id='word_1_35' title='bbox 2340 1329 2529 1392; x_wconf 83' lang='lat' dir='ltr'><strong>nobis</strong></span> <span class='ocrx_word' id='word_1_36' title='bbox 2592 1351 2835 1406; x_wconf 80' lang='lat' dir='ltr'><strong>averse,</strong></span> 
     </span>
     <span class='ocr_line' id='line_1_6' title="bbox 751 1431 2841 1518; baseline -0.002 -20"><span class='ocrx_word' id='word_1_37' title='bbox 751 1443 786 1470; x_wconf 85' lang='lat'><em>“</em></span> <span class='ocrx_word' id='word_1_38' title='bbox 831 1433 942 1498; x_wconf 88' lang='lat' dir='ltr'><strong>sed</strong></span> <span class='ocrx_word' id='word_1_39' title='bbox 985 1435 1054 1496; x_wconf 86' lang='lat' dir='ltr'><strong>et</strong></span> <span class='ocrx_word' id='word_1_40' title='bbox 1095 1431 1286 1496; x_wconf 90' lang='lat' dir='ltr'><strong>nobis</strong></span> <span class='ocrx_word' id='word_1_41' title='bbox 1331 1433 1736 1512; x_wconf 82' lang='lat' dir='ltr'><strong>adversante,</strong></span> <span class='ocrx_word' id='word_1_42' title='bbox 1785 1431 1930 1518; x_wconf 89' lang='lat' dir='ltr'><strong>ipsa</strong></span> <span class='ocrx_word' id='word_1_43' title='bbox 1980 1437 2193 1496; x_wconf 85' lang='lat' dir='ltr'><strong>mater</strong></span> <span class='ocrx_word' id='word_1_44' title='bbox 2252 1435 2475 1496; x_wconf 87' lang='lat' dir='ltr'><strong>nostra</strong></span> <span class='ocrx_word' id='word_1_45' title='bbox 2544 1431 2841 1494; x_wconf 88' lang='lat' dir='ltr'><strong>Romana</strong></span> 
     </span>
     <span class='ocr_line' id='line_1_7' title="bbox 749 1533 2841 1620; baseline -0.001 -20"><span class='ocrx_word' id='word_1_46' title='bbox 749 1543 786 1572; x_wconf 90' lang='lat'><strong>“</strong></span> <span class='ocrx_word' id='word_1_47' title='bbox 829 1535 1092 1600; x_wconf 86' lang='lat' dir='ltr'><strong>ecclesia</strong></span> <span class='ocrx_word' id='word_1_48' title='bbox 1131 1557 1250 1620; x_wconf 86' lang='lat' dir='ltr'><strong>per</strong></span> <span class='ocrx_word' id='word_1_49' title='bbox 1295 1533 1634 1600; x_wconf 87' lang='lat' dir='ltr'><strong>dominum</strong></span> <span class='ocrx_word' id='word_1_50' title='bbox 1681 1533 2047 1602; x_wconf 85' lang='lat' dir='ltr'><strong>Gualonem</strong></span> <span class='ocrx_word' id='word_1_51' title='bbox 2092 1533 2505 1614; x_wconf 79' lang='lat' dir='ltr'><strong>cardinalem,</strong></span> <span class='ocrx_word' id='word_1_52' title='bbox 2552 1539 2713 1598; x_wconf 87' lang='lat' dir='ltr'><strong>tunc</strong></span> <span class='ocrx_word' id='word_1_53' title='bbox 2770 1533 2841 1598; x_wconf 91' lang='lat' dir='ltr'><strong>in</strong></span> 
     </span>
     <span class='ocr_line' id='line_1_8' title="bbox 749 1637 2843 1724; baseline 0.001 -22"><span class='ocrx_word' id='word_1_54' title='bbox 749 1647 784 1674; x_wconf 89' lang='lat'>“</span> <span class='ocrx_word' id='word_1_55' title='bbox 827 1637 1072 1724; x_wconf 84' lang='lat' dir='ltr'><strong>Anglia</strong></span> <span class='ocrx_word' id='word_1_56' title='bbox 1127 1637 1442 1724; x_wconf 87' lang='lat' dir='ltr'><strong>legatum,</strong></span> <span class='ocrx_word' id='word_1_57' title='bbox 1487 1639 1664 1704; x_wconf 88' lang='lat' dir='ltr'><strong>idem</strong></span> <span class='ocrx_word' id='word_1_58' title='bbox 1709 1659 1989 1724; x_wconf 83' lang='lat' dir='ltr'><strong>regnum</strong></span> <span class='ocrx_word' id='word_1_59' title='bbox 2034 1637 2121 1702; x_wconf 87' lang='lat' dir='ltr'><strong>ad</strong></span> <span class='ocrx_word' id='word_1_60' title='bbox 2168 1641 2463 1704; x_wconf 83' lang='lat' dir='ltr'><strong>nostram</strong></span> <span class='ocrx_word' id='word_1_61' title='bbox 2506 1659 2731 1722; x_wconf 85' lang='lat' dir='ltr'><strong>pacem</strong></span> <span class='ocrx_word' id='word_1_62' title='bbox 2776 1641 2843 1704; x_wconf 87' lang='lat' dir='ltr'><strong>et</strong></span> 
     </span>
     <span class='ocr_line' id='line_1_9' title="bbox 749 1741 2839 1828; baseline 0 -22"><span class='ocrx_word' id='word_1_63' title='bbox 749 1749 782 1776; x_wconf 85' lang='lat'>“</span> <span class='ocrx_word' id='word_1_64' title='bbox 827 1741 1292 1828; x_wconf 85' lang='lat' dir='ltr'><strong>subjectionem</strong></span> <span class='ocrx_word' id='word_1_65' title='bbox 1337 1743 1690 1820; x_wconf 83' lang='lat' dir='ltr'><strong>revocavit,</strong></span> <span class='ocrx_word' id='word_1_66' title='bbox 1739 1763 1989 1828; x_wconf 87' lang='lat' dir='ltr'><strong>nosque</strong></span> <span class='ocrx_word' id='word_1_67' title='bbox 2044 1741 2447 1806; x_wconf 82' lang='lat' dir='ltr'><strong>consecravit</strong></span> <span class='ocrx_word' id='word_1_68' title='bbox 2488 1741 2563 1804; x_wconf 91' lang='lat' dir='ltr'><strong>in</strong></span> <span class='ocrx_word' id='word_1_69' title='bbox 2604 1763 2839 1828; x_wconf 81' lang='lat' dir='ltr'><strong>regem,</strong></span> 
     </span>
     <span class='ocr_line' id='line_1_10' title="bbox 749 1843 2535 1932; baseline 0.001 -24"><span class='ocrx_word' id='word_1_70' title='bbox 749 1851 784 1878; x_wconf 90' lang='lat'><strong>“</strong></span> <span class='ocrx_word' id='word_1_71' title='bbox 827 1849 892 1908; x_wconf 90' lang='lat' dir='ltr'><strong>et</strong></span> <span class='ocrx_word' id='word_1_72' title='bbox 937 1845 1292 1922; x_wconf 82' lang='lat' dir='ltr'><strong>coronavit,</strong></span> <span class='ocrx_word' id='word_1_73' title='bbox 1341 1851 1410 1910; x_wconf 88' lang='lat' dir='ltr'><strong>et</strong></span> <span class='ocrx_word' id='word_1_74' title='bbox 1455 1845 1528 1908; x_wconf 85' lang='lat' dir='ltr'><strong>in</strong></span> <span class='ocrx_word' id='word_1_75' title='bbox 1573 1845 1760 1932; x_wconf 80' lang='lat' dir='ltr'><strong>regni</strong></span> <span class='ocrx_word' id='word_1_76' title='bbox 1805 1845 2045 1910; x_wconf 86' lang='lat' dir='ltr'><strong>solium</strong></span> <span class='ocrx_word' id='word_1_77' title='bbox 2092 1843 2535 1912; x_wconf 82' lang='lat' dir='ltr'><strong>sublimavit.”</strong></span> 
     </span>
     <span class='ocr_line' id='line_1_11' title="bbox 831 1947 2843 2034; baseline 0.001 -24"><span class='ocrx_word' id='word_1_78' title='bbox 831 1947 1292 2034; x_wconf 83' lang='lat' dir='ltr'><strong>Praescriptum</strong></span> <span class='ocrx_word' id='word_1_79' title='bbox 1337 1947 1564 2033; x_wconf 87' lang='lat' dir='ltr'><strong>itaque</strong></span> <span class='ocrx_word' id='word_1_80' title='bbox 1607 1947 1858 2012; x_wconf 89' lang='lat' dir='ltr'><strong>domini</strong></span> <span class='ocrx_word' id='word_1_81' title='bbox 1927 1947 2101 2034; x_wconf 86' lang='lat' dir='ltr'><strong>regis</strong></span> <span class='ocrx_word' id='word_1_82' title='bbox 2164 1971 2547 2034; x_wconf 85' lang='lat' dir='ltr'><strong>responsum</strong></span> <span class='ocrx_word' id='word_1_83' title='bbox 2592 1953 2843 2012; x_wconf 67' lang='lat' dir='ltr'><strong>vestrae</strong></span> 
     </span>
     <span class='ocr_line' id='line_1_12' title="bbox 745 2049 2845 2138; baseline 0 -24"><span class='ocrx_word' id='word_1_84' title='bbox 745 2049 1078 2114; x_wconf 68' lang='lat' dir='ltr'><strong>sanctitati</strong></span> <span class='ocrx_word' id='word_1_85' title='bbox 1123 2049 1538 2114; x_wconf 85' lang='lat' dir='ltr'><strong>scribendum</strong></span> <span class='ocrx_word' id='word_1_86' title='bbox 1605 2049 1858 2136; x_wconf 83' lang='lat' dir='ltr'><strong>putavi,</strong></span> <span class='ocrx_word' id='word_1_87' title='bbox 1927 2055 2007 2116; x_wconf 86' lang='lat' dir='ltr'><strong>ut</strong></span> <span class='ocrx_word' id='word_1_88' title='bbox 2072 2051 2331 2136; x_wconf 80' lang='lat' dir='ltr'><strong>qualem</strong></span> <span class='ocrx_word' id='word_1_89' title='bbox 2394 2073 2547 2138; x_wconf 84' lang='lat' dir='ltr'><strong>erga</strong></span> <span class='ocrx_word' id='word_1_90' title='bbox 2590 2073 2709 2116; x_wconf 86' lang='lat' dir='ltr'><strong>vos</strong></span> <span class='ocrx_word' id='word_1_91' title='bbox 2776 2055 2845 2118; x_wconf 87' lang='lat' dir='ltr'><strong>et</strong></span> 
     </span>
     <span class='ocr_line' id='line_1_13' title="bbox 743 2151 2841 2240; baseline 0 -24"><span class='ocrx_word' id='word_1_92' title='bbox 743 2151 1070 2218; x_wconf 81' lang='lat' dir='ltr'><strong>ecclesiam</strong></span> <span class='ocrx_word' id='word_1_93' title='bbox 1117 2153 1482 2220; x_wconf 81' lang='lat' dir='ltr'>Romanam</span> <span class='ocrx_word' id='word_1_94' title='bbox 1545 2153 1758 2218; x_wconf 86' lang='lat' dir='ltr'><strong>dictus</strong></span> <span class='ocrx_word' id='word_1_95' title='bbox 1805 2151 2111 2218; x_wconf 88' lang='lat' dir='ltr'><strong>dominus</strong></span> <span class='ocrx_word' id='word_1_96' title='bbox 2178 2157 2365 2240; x_wconf 81' lang='lat' dir='ltr'><strong>gerat</strong></span> <span class='ocrx_word' id='word_1_97' title='bbox 2412 2155 2841 2232; x_wconf 77' lang='lat' dir='ltr'><strong>devotionem,</strong></span> 
     </span>
     <span class='ocr_line' id='line_1_14' title="bbox 745 2255 2845 2322; baseline 0.001 -2"><span class='ocrx_word' id='word_1_98' title='bbox 745 2257 926 2322; x_wconf 83' lang='lat' dir='ltr'><strong>vobis</strong></span> <span class='ocrx_word' id='word_1_99' title='bbox 971 2255 1212 2322; x_wconf 87' lang='lat' dir='ltr'><strong>certius</strong></span> <span class='ocrx_word' id='word_1_100' title='bbox 1253 2257 1628 2322; x_wconf 85' lang='lat' dir='ltr'><strong>innotescat</strong></span> <span class='ocrx_word' id='word_1_101' title='bbox 1647 2255 1682 2322; x_wconf 85' lang='lat'><strong>¹.</strong></span> <span class='ocrx_word' id='word_1_102' title='bbox 1777 2255 2319 2322; x_wconf 85' lang='lat' dir='ltr'><strong>Incolumitatem</strong></span> <span class='ocrx_word' id='word_1_103' title='bbox 2362 2263 2655 2322; x_wconf 83' lang='lat' dir='ltr'><strong>vestram</strong></span> <span class='ocrx_word' id='word_1_104' title='bbox 2700 2279 2845 2322; x_wconf 86' lang='lat' dir='ltr'><strong>con-</strong></span> 
     </span>
     <span class='ocr_line' id='line_1_15' title="bbox 745 2359 2769 2448; baseline 0.003 -24"><span class='ocrx_word' id='word_1_105' title='bbox 745 2363 960 2424; x_wconf 81' lang='lat' dir='ltr'><strong>servet</strong></span> <span class='ocrx_word' id='word_1_106' title='bbox 1001 2359 1382 2424; x_wconf 87' lang='lat' dir='ltr'><strong>Altissimus</strong></span> <span class='ocrx_word' id='word_1_107' title='bbox 1429 2359 1732 2424; x_wconf 71' lang='lat' dir='ltr'><strong>Ecclesiae</strong></span> <span class='ocrx_word' id='word_1_108' title='bbox 1777 2381 1914 2426; x_wconf 78' lang='lat' dir='ltr'><strong>suee</strong></span> <span class='ocrx_word' id='word_1_109' title='bbox 1958 2383 2077 2446; x_wconf 88' lang='lat' dir='ltr'><strong>per</strong></span> <span class='ocrx_word' id='word_1_110' title='bbox 2116 2365 2417 2448; x_wconf 86' lang='lat' dir='ltr'><strong>tempora</strong></span> <span class='ocrx_word' id='word_1_111' title='bbox 2460 2361 2769 2448; x_wconf 82' lang='lat' dir='ltr'><strong>longiora.</strong></span> 
     </span>
    </p>
   </div>
   <div class='ocr_carea' id='block_1_3' title="bbox 1623 2755 1951 2824">
    <p class='ocr_par' dir='ltr' id='par_1_3' title="bbox 1623 2755 1951 2824">
     <span class='ocr_line' id='line_1_16' title="bbox 1623 2755 1951 2824; baseline 0 -2"><span class='ocrx_word' id='word_1_112' title='bbox 1623 2755 1951 2824; x_wconf 81' lang='lat' dir='ltr'>CXVIII.</span> 
     </span>
    </p>
   </div>
   <div class='ocr_carea' id='block_1_4' title="bbox 759 2947 2841 3342">
    <p class='ocr_par' dir='ltr' id='par_1_4' title="bbox 759 2947 2841 3342">
     <span class='ocr_line' id='line_1_17' title="bbox 759 2947 2841 3016; baseline 0.001 -2"><span class='ocrx_word' id='word_1_113' title='bbox 759 2949 922 3016; x_wconf 59' lang='lat' dir='ltr'><strong>Viro</strong></span> <span class='ocrx_word' id='word_1_114' title='bbox 965 2949 1338 3016; x_wconf 68' lang='lat' dir='ltr'><strong>venerabili</strong></span> <span class='ocrx_word' id='word_1_115' title='bbox 1379 2955 1442 3014; x_wconf 73' lang='lat' dir='ltr'><strong>ct</strong></span> <span class='ocrx_word' id='word_1_116' title='bbox 1485 2949 1572 3014; x_wconf 66' lang='lat' dir='ltr'><strong>in</strong></span> <span class='ocrx_word' id='word_1_117' title='bbox 1619 2949 1886 3014; x_wconf 66' lang='lat' dir='ltr'><strong>Christo</strong></span> <span class='ocrx_word' id='word_1_118' title='bbox 1948 2947 2085 3014; x_wconf 63' lang='lat' dir='ltr'><strong>sibi</strong></span> <span class='ocrx_word' id='word_1_119' title='bbox 2142 2949 2493 3014; x_wconf 65' lang='lat' dir='ltr'><strong>carissimo</strong></span> <span class='ocrx_word' id='word_1_120' title='bbox 2562 2949 2841 3016; x_wconf 63' lang='lat' dir='ltr'><strong>domino</strong></span> 
     </span>
     <span class='ocr_line' id='line_1_18' title="bbox 921 3051 2841 3138; baseline 0.001 -22"><span class='ocrx_word' id='word_1_121' title='bbox 921 3051 1004 3132; x_wconf 70' lang='lat' dir='ltr'><strong>T„</strong></span> <span class='ocrx_word' id='word_1_122' title='bbox 1081 3051 1418 3130; x_wconf 62' lang='lat' dir='ltr'><strong>Robcrtua</strong></span> <span class='ocrx_word' id='word_1_123' title='bbox 1497 3051 1630 3116; x_wconf 57' lang='lat' dir='ltr'><strong>Dese:</strong></span> <span class='ocrx_word' id='word_1_124' title='bbox 1703 3051 1936 3138; x_wconf 68' lang='lat' dir='ltr'><strong>yratia</strong></span> <span class='ocrx_word' id='word_1_125' title='bbox 1994 3051 2505 3118; x_wconf 64' lang='lat' dir='ltr'><strong>Lincolniensis</strong></span> <span class='ocrx_word' id='word_1_126' title='bbox 2566 3053 2841 3118; x_wconf 60' lang='lat' dir='ltr'><strong>ecelesiae</strong></span> 
     </span>
     <span class='ocr_line' id='line_1_19' title="bbox 917 3153 2841 3240; baseline 0 -20"><span class='ocrx_word' id='word_1_127' title='bbox 917 3153 1308 3240; x_wconf 64' lang='lat' dir='ltr'><strong>Episcopus,</strong></span> <span class='ocrx_word' id='word_1_128' title='bbox 1373 3153 1660 3220; x_wconf 70' lang='lat' dir='ltr'><strong>salutem</strong></span> <span class='ocrx_word' id='word_1_129' title='bbox 1721 3159 1782 3218; x_wconf 70' lang='lat' dir='ltr'><strong>et</strong></span> <span class='ocrx_word' id='word_1_130' title='bbox 1835 3153 2185 3222; x_wconf 60' lang='lat' dir='ltr'><strong>sincerum</strong></span> <span class='ocrx_word' id='word_1_131' title='bbox 2242 3153 2331 3220; x_wconf 66' lang='grc' dir='ltr'><strong>’ὶη</strong></span> <span class='ocrx_word' id='word_1_132' title='bbox 2386 3153 2689 3222; x_wconf 67' lang='lat' dir='ltr'><strong>Domino</strong></span> <span class='ocrx_word' id='word_1_133' title='bbox 2732 3153 2841 3220; x_wconf 68' lang='lat' dir='ltr'><strong>di-</strong></span> 
     </span>
     <span class='ocr_line' id='line_1_20' title="bbox 919 3255 1586 3342; baseline 0 -20"><span class='ocrx_word' id='word_1_134' title='bbox 919 3255 1226 3324; x_wconf 64' lang='lat' dir='ltr'><strong>lectionis</strong></span> <span class='ocrx_word' id='word_1_135' title='bbox 1265 3255 1586 3342; x_wconf 67' lang='lat' dir='ltr'><strong>affectum.</strong></span> 
     </span>
    </p>
   </div>
   <div class='ocr_carea' id='block_1_5' title="bbox 2954 2961 3093 3006">
    <p class='ocr_par' dir='ltr' id='par_1_5' title="bbox 2954 2961 3093 3006">
     <span class='ocr_line' id='line_1_21' title="bbox 2954 2961 3093 3006; baseline 0 0"><span class='ocrx_word' id='word_1_136' title='bbox 2954 2961 3093 3006; x_wconf 78' lang='lat'>1245.</span> 
     </span>
    </p>
   </div>
   <div class='ocr_carea' id='block_1_6' title="bbox 833 3441 3165 3524">
    <p class='ocr_par' dir='ltr' id='par_1_6' title="bbox 833 3441 3165 3524">
     <span class='ocr_line' id='line_1_22' title="bbox 833 3441 3165 3524; baseline 0.003 -16"><span class='ocrx_word' id='word_1_137' title='bbox 833 3441 1184 3508; x_wconf 75' lang='lat' dir='ltr'><strong>Credentes</strong></span> <span class='ocrx_word' id='word_1_138' title='bbox 1225 3465 1346 3508; x_wconf 82' lang='lat' dir='ltr'><strong>vos</strong></span> <span class='ocrx_word' id='word_1_139' title='bbox 1391 3443 1528 3508; x_wconf 84' lang='lat' dir='ltr'><strong>zelo</strong></span> <span class='ocrx_word' id='word_1_140' title='bbox 1571 3443 1820 3508; x_wconf 79' lang='lat' dir='ltr'><strong>fervere</strong></span> <span class='ocrx_word' id='word_1_141' title='bbox 1885 3443 2121 3510; x_wconf 83' lang='lat' dir='ltr'><strong>salutis</strong></span> <span class='ocrx_word' id='word_1_142' title='bbox 2166 3443 2555 3524; x_wconf 85' lang='lat' dir='ltr'><strong>animarum,</strong></span> <span class='ocrx_word' id='word_1_143' title='bbox 2600 3465 2685 3510; x_wconf 82' lang='lat' dir='ltr'><strong>ex</strong></span> <span class='ocrx_word' id='word_1_144' title='bbox 2730 3445 2839 3510; x_wconf 87' lang='lat' dir='ltr'><strong>de·</strong></span> <span class='ocrx_word' id='word_1_145' title='bbox 2862 3449 3165 3516; x_wconf 78' lang='lat' dir='ltr'><strong>Presenting</strong></span> 
     </span>
    </p>
   </div>
   <div class='ocr_carea' id='block_1_7' title="bbox 2868 3517 3107 3568">
    <p class='ocr_par' dir='ltr' id='par_1_7' title="bbox 2868 3517 3107 3568">
     <span class='ocr_line' id='line_1_23' title="bbox 2868 3517 3107 3568; baseline 0.017 -4"><span class='ocrx_word' id='word_1_146' title='bbox 2868 3517 2929 3566; x_wconf 83' lang='lat' dir='ltr'><strong>T.</strong></span> <span class='ocrx_word' id='word_1_147' title='bbox 2948 3527 2999 3568; x_wconf 87' lang='lat' dir='ltr'><strong>to</strong></span> <span class='ocrx_word' id='word_1_148' title='bbox 3020 3519 3107 3568; x_wconf 81' lang='lat' dir='ltr'><strong>the</strong></span> 
     </span>
    </p>
   </div>
   <div class='ocr_carea' id='block_1_8' title="bbox 743 3543 3115 3734">
    <p class='ocr_par' dir='ltr' id='par_1_8' title="bbox 743 3543 3115 3734">
     <span class='ocr_line' id='line_1_24' title="bbox 743 3543 3101 3636; baseline -0.001 -28"><span class='ocrx_word' id='word_1_149' title='bbox 743 3543 972 3612; x_wconf 86' lang='lat' dir='ltr'><strong>siderio</strong></span> <span class='ocrx_word' id='word_1_150' title='bbox 1015 3547 1246 3610; x_wconf 85' lang='lat' dir='ltr'><strong>salutis</strong></span> <span class='ocrx_word' id='word_1_151' title='bbox 1291 3567 1518 3612; x_wconf 87' lang='lat' dir='ltr'><strong>earum</strong></span> <span class='ocrx_word' id='word_1_152' title='bbox 1581 3543 2183 3612; x_wconf 83' lang='lat' dir='ltr'><strong>archidiaconatum</strong></span> <span class='ocrx_word' id='word_1_153' title='bbox 2250 3547 2331 3612; x_wconf 92' lang='lat' dir='ltr'><strong>de</strong></span> <span class='ocrx_word' id='word_1_154' title='bbox 2392 3547 2841 3634; x_wconf 82' lang='lat' dir='ltr'><strong>Huntingdon</strong></span> <span class='ocrx_word' id='word_1_155' title='bbox 2864 3585 3101 3636; x_wconf 79' lang='lat' dir='ltr'><strong>arehdea-</strong></span> 
     </span>
     <span class='ocr_line' id='line_1_25' title="bbox 743 3647 3115 3734; baseline -0.005 -19"><span class='ocrx_word' id='word_1_156' title='bbox 743 3651 810 3712; x_wconf 83' lang='lat' dir='ltr'><strong>et</strong></span> <span class='ocrx_word' id='word_1_157' title='bbox 879 3647 1302 3734; x_wconf 70' lang='lat' dir='ltr'><strong>praebendam</strong></span> <span class='ocrx_word' id='word_1_158' title='bbox 1375 3649 1458 3714; x_wconf 88' lang='lat' dir='ltr'><strong>de</strong></span> <span class='ocrx_word' id='word_1_159' title='bbox 1525 3649 1844 3734; x_wconf 84' lang='lat' dir='ltr'><strong>Bugeden</strong></span> <span class='ocrx_word' id='word_1_160' title='bbox 1919 3649 2107 3714; x_wconf 83' lang='lat' dir='ltr'><strong>vobis</strong></span> <span class='ocrx_word' id='word_1_161' title='bbox 2176 3651 2615 3728; x_wconf 82' lang='lat' dir='ltr'><strong>contulimus3</strong></span> <span class='ocrx_word' id='word_1_162' title='bbox 2692 3671 2839 3734; x_wconf 83' lang='lat' dir='ltr'><strong>quae</strong></span> <span class='ocrx_word' id='word_1_163' title='bbox 2864 3665 3023 3716; x_wconf 79' lang='lat' dir='ltr'><strong>eom-y</strong></span> <span class='ocrx_word' id='word_1_164' title='bbox 3054 3653 3115 3702; x_wconf 90' lang='lat' dir='ltr'><strong>of</strong></span> 
     </span>
    </p>
   </div>
   <div class='ocr_carea' id='block_1_9' title="bbox 2862 3717 3119 3784">
    <p class='ocr_par' dir='ltr' id='par_1_9' title="bbox 2862 3717 3119 3784">
     <span class='ocr_line' id='line_1_26' title="bbox 2862 3717 3119 3784; baseline 0 -18"><span class='ocrx_word' id='word_1_165' title='bbox 2862 3717 3119 3784; x_wconf 85' lang='lat' dir='ltr'><strong>Hunting-</strong></span> 
     </span>
    </p>
   </div>
   <div class='ocr_carea' id='block_1_10' title="bbox 741 3747 3087 3838">
    <p class='ocr_par' dir='ltr' id='par_1_10' title="bbox 741 3747 3087 3838">
     <span class='ocr_line' id='line_1_27' title="bbox 741 3747 3087 3838; baseline 0.002 -24"><span class='ocrx_word' id='word_1_166' title='bbox 741 3747 1048 3816; x_wconf 87' lang='lat' dir='ltr'><strong>beneficia</strong></span> <span class='ocrx_word' id='word_1_167' title='bbox 1123 3751 1446 3838; x_wconf 78' lang='lat' dir='ltr'><strong>suscipere</strong></span> <span class='ocrx_word' id='word_1_168' title='bbox 1517 3751 1850 3816; x_wconf 79' lang='lat' dir='ltr'><strong>occasione</strong></span> <span class='ocrx_word' id='word_1_169' title='bbox 1921 3773 2051 3838; x_wconf 84' lang='lat' dir='ltr'><strong>qua</strong></span> <span class='ocrx_word' id='word_1_170' title='bbox 2124 3753 2455 3838; x_wconf 85' lang='lat' dir='ltr'><strong>quondam</strong></span> <span class='ocrx_word' id='word_1_171' title='bbox 2496 3753 2839 3816; x_wconf 82' lang='lat' dir='ltr'><strong>recusastis</strong></span> <span class='ocrx_word' id='word_1_172' title='bbox 2862 3785 2965 3834; x_wconf 85' lang='lat' dir='ltr'><strong>don</strong></span> <span class='ocrx_word' id='word_1_173' title='bbox 2986 3789 3087 3836; x_wconf 76' lang='lat' dir='ltr'><strong>and</strong></span> 
     </span>
    </p>
   </div>
   <div class='ocr_carea' id='block_1_11' title="bbox 741 3853 3167 3942">
    <p class='ocr_par' dir='ltr' id='par_1_11' title="bbox 741 3853 3167 3942">
     <span class='ocr_line' id='line_1_28' title="bbox 741 3853 3167 3942; baseline -0.002 -23"><span class='ocrx_word' id='word_1_174' title='bbox 741 3853 1152 3938; x_wconf 70' lang='lat' dir='ltr'><strong>praebendam</strong></span> <span class='ocrx_word' id='word_1_175' title='bbox 1219 3855 1302 3918; x_wconf 89' lang='lat' dir='ltr'><strong>de</strong></span> <span class='ocrx_word' id='word_1_176' title='bbox 1373 3855 1666 3934; x_wconf 86' lang='lat' dir='ltr'><strong>Gretton,</strong></span> <span class='ocrx_word' id='word_1_177' title='bbox 1745 3877 2043 3920; x_wconf 86' lang='lat' dir='ltr'><strong>recusare</strong></span> <span class='ocrx_word' id='word_1_178' title='bbox 2112 3877 2289 3918; x_wconf 88' lang='lat' dir='ltr'><strong>nunc</strong></span> <span class='ocrx_word' id='word_1_179' title='bbox 2350 3875 2483 3918; x_wconf 85' lang='lat' dir='ltr'><strong>non</strong></span> <span class='ocrx_word' id='word_1_180' title='bbox 2550 3855 2835 3942; x_wconf 86' lang='lat' dir='ltr'><strong>potestis.</strong></span> <span class='ocrx_word' id='word_1_181' title='bbox 2862 3855 3085 3912; x_wconf 81' lang='lat' dir='ltr'><strong>prebend</strong></span> <span class='ocrx_word' id='word_1_182' title='bbox 3102 3855 3167 3904; x_wconf 83' lang='lat' dir='ltr'><strong>of</strong></span> 
     </span>
    </p>
   </div>
   <div class='ocr_carea' id='block_1_12' title="bbox 739 3955 2841 4456">
    <p class='ocr_par' dir='ltr' id='par_1_12' title="bbox 739 3955 2841 4456">
     <span class='ocr_line' id='line_1_29' title="bbox 743 3955 2837 4046; baseline 0 -27"><span class='ocrx_word' id='word_1_183' title='bbox 743 3955 864 4038; x_wconf 77' lang='lat' dir='ltr'><strong>Est</strong></span> <span class='ocrx_word' id='word_1_184' title='bbox 903 3957 1076 4020; x_wconf 82' lang='lat' dir='ltr'><strong>enim</strong></span> <span class='ocrx_word' id='word_1_185' title='bbox 1121 3957 1532 4046; x_wconf 81' lang='lat' dir='ltr'><strong>(benedictus</strong></span> <span class='ocrx_word' id='word_1_186' title='bbox 1561 3957 1918 4044; x_wconf 83' lang='lat' dir='ltr'><strong>Dominus)</strong></span> <span class='ocrx_word' id='word_1_187' title='bbox 1962 3959 2139 4020; x_wconf 86' lang='lat' dir='ltr'><strong>inter</strong></span> <span class='ocrx_word' id='word_1_188' title='bbox 2182 3977 2301 4022; x_wconf 84' lang='lat' dir='ltr'><strong>nos</strong></span> <span class='ocrx_word' id='word_1_189' title='bbox 2322 3957 2351 3992; x_wconf 67' lang='lat'>2</span> <span class='ocrx_word' id='word_1_190' title='bbox 2378 3961 2449 4022; x_wconf 78' lang='lat' dir='ltr'><strong>et</strong></span> <span class='ocrx_word' id='word_1_191' title='bbox 2478 3957 2837 4044; x_wconf 78' lang='lat' dir='ltr'><strong>capitulum</strong></span> 
     </span>
     <span class='ocr_line' id='line_1_30' title="bbox 741 4043 2839 4146; baseline 0.002 -24"><span class='ocrx_word' id='word_1_192' title='bbox 741 4043 1034 4124; x_wconf 81' lang='lat' dir='ltr'><strong>nostrum</strong></span> <span class='ocrx_word' id='word_1_193' title='bbox 1077 4061 1254 4146; x_wconf 85' lang='lat' dir='ltr'><strong>pacis</strong></span> <span class='ocrx_word' id='word_1_194' title='bbox 1299 4061 1760 4146; x_wconf 79' lang='lat' dir='ltr'><strong>tranquillitas,</strong></span> <span class='ocrx_word' id='word_1_195' title='bbox 1855 4061 2181 4126; x_wconf 70' lang='lat' dir='ltr'><strong>Praeterea</strong></span> <span class='ocrx_word' id='word_1_196' title='bbox 2232 4059 2289 4122; x_wconf 89' lang='lat' dir='ltr'><strong>si</strong></span> <span class='ocrx_word' id='word_1_197' title='bbox 2334 4059 2549 4124; x_wconf 81' lang='lat' dir='ltr'><strong>zelum</strong></span> <span class='ocrx_word' id='word_1_198' title='bbox 2592 4061 2839 4126; x_wconf 85' lang='lat' dir='ltr'><strong>anima-</strong></span> 
     </span>
     <span class='ocr_line' id='line_1_31' title="bbox 743 4161 2841 4248; baseline 0.002 -24"><span class='ocrx_word' id='word_1_199' title='bbox 743 4181 886 4224; x_wconf 85' lang='lat' dir='ltr'><strong>rum</strong></span> <span class='ocrx_word' id='word_1_200' title='bbox 929 4167 998 4228; x_wconf 86' lang='lat' dir='ltr'><strong>et</strong></span> <span class='ocrx_word' id='word_1_201' title='bbox 1043 4161 1170 4226; x_wconf 87' lang='lat' dir='ltr'><strong>Dei</strong></span> <span class='ocrx_word' id='word_1_202' title='bbox 1215 4185 1502 4228; x_wconf 79' lang='lat' dir='ltr'><strong>amorem</strong></span> <span class='ocrx_word' id='word_1_203' title='bbox 1545 4161 1818 4242; x_wconf 78' lang='lat' dir='ltr'><strong>habetis,</strong></span> <span class='ocrx_word' id='word_1_204' title='bbox 1867 4185 2029 4248; x_wconf 86' lang='lat' dir='ltr'><strong>quos</strong></span> <span class='ocrx_word' id='word_1_205' title='bbox 2072 4161 2313 4226; x_wconf 86' lang='lat' dir='ltr'><strong>habere</strong></span> <span class='ocrx_word' id='word_1_206' title='bbox 2358 4161 2715 4242; x_wconf 83' lang='lat' dir='ltr'><strong>credimini,</strong></span> <span class='ocrx_word' id='word_1_207' title='bbox 2760 4185 2841 4230; x_wconf 84' lang='lat' dir='ltr'><strong>ea</strong></span> 
     </span>
     <span class='ocr_line' id='line_1_32' title="bbox 741 4263 2841 4352; baseline 0.003 -26"><span class='ocrx_word' id='word_1_208' title='bbox 741 4265 916 4330; x_wconf 79' lang='grc' dir='ltr'>1111Πο</span> <span class='ocrx_word' id='word_1_209' title='bbox 983 4265 1176 4330; x_wconf 88' lang='lat' dir='ltr'><strong>modo</strong></span> <span class='ocrx_word' id='word_1_210' title='bbox 1237 4267 1660 4348; x_wconf 85' lang='lat' dir='ltr'><strong>recusabitis3</strong></span> <span class='ocrx_word' id='word_1_211' title='bbox 1725 4287 1874 4330; x_wconf 87' lang='lat' dir='ltr'><strong>cum</strong></span> <span class='ocrx_word' id='word_1_212' title='bbox 1937 4267 2011 4330; x_wconf 87' lang='lat' dir='ltr'><strong>in</strong></span> <span class='ocrx_word' id='word_1_213' title='bbox 2074 4263 2319 4330; x_wconf 89' lang='lat' dir='ltr'><strong>eisdem</strong></span> <span class='ocrx_word' id='word_1_214' title='bbox 2384 4265 2841 4352; x_wconf 86' lang='lat' dir='ltr'><strong>multipliciter</strong></span> 
     </span>
     <span class='ocr_line' id='line_1_33' title="bbox 739 4367 2839 4456; baseline 0.001 -24"><span class='ocrx_word' id='word_1_215' title='bbox 739 4369 1010 4456; x_wconf 86' lang='lat' dir='ltr'><strong>amplius</strong></span> <span class='ocrx_word' id='word_1_216' title='bbox 1085 4369 1366 4434; x_wconf 85' lang='lat' dir='ltr'><strong>salutem</strong></span> <span class='ocrx_word' id='word_1_217' title='bbox 1439 4369 1812 4434; x_wconf 82' lang='lat' dir='ltr'><strong>animarum</strong></span> <span class='ocrx_word' id='word_1_218' title='bbox 1893 4369 2145 4456; x_wconf 82' lang='lat' dir='ltr'><strong>operari</strong></span> <span class='ocrx_word' id='word_1_219' title='bbox 2210 4367 2497 4456; x_wconf 82' lang='lat' dir='ltr'><strong>possitis,</strong></span> <span class='ocrx_word' id='word_1_220' title='bbox 2552 4369 2839 4456; x_wconf 82' lang='lat' dir='ltr'><strong>juvante</strong></span> 
     </span>
    </p>
   </div>
   <div class='ocr_carea' id='block_1_13' title="bbox 809 4727 2557 4800">
    <p class='ocr_par' dir='ltr' id='par_1_13' title="bbox 809 4727 2557 4800">
     <span class='ocr_line' id='line_1_34' title="bbox 809 4727 2557 4800; baseline 0 -18"><span class='ocrx_word' id='word_1_221' title='bbox 809 4733 826 4764; x_wconf 87' lang='lat'>¹</span> <span class='ocrx_word' id='word_1_222' title='bbox 859 4731 1150 4800; x_wconf 68' lang='lat' dir='ltr'><strong>innotescat]</strong></span> <span class='ocrx_word' id='word_1_223' title='bbox 1187 4727 1484 4794; x_wconf 54' lang='lat' dir='ltr'><strong>innotificau</strong></span> <span class='ocrx_word' id='word_1_224' title='bbox 1501 4727 1682 4784; x_wconf 81' lang='lat' dir='ltr'><strong>C.0.C·</strong></span> <span class='ocrx_word' id='word_1_225' title='bbox 1781 4727 1792 4798; x_wconf 92' lang='grc' dir='ltr'>Ι</span> <span class='ocrx_word' id='word_1_226' title='bbox 1903 4731 1928 4760; x_wconf 76' lang='lat'><strong>⁴²</strong></span> <span class='ocrx_word' id='word_1_227' title='bbox 1960 4731 2085 4784; x_wconf 75' lang='lat' dir='ltr'><strong>inter</strong></span> <span class='ocrx_word' id='word_1_228' title='bbox 2102 4727 2217 4800; x_wconf 74' lang='lat' dir='ltr'><strong>nos]</strong></span> <span class='ocrx_word' id='word_1_229' title='bbox 2252 4745 2351 4782; x_wconf 86' lang='lat' dir='ltr'><strong>om.</strong></span> <span class='ocrx_word' id='word_1_230' title='bbox 2376 4727 2557 4782; x_wconf 82' lang='lat' dir='ltr'>C.C.C.</span> 
     </span>
    </p>
   </div>
   <div class='ocr_carea' id='block_1_14' title="bbox 2430 4815 2567 4876">
    <p class='ocr_par' dir='ltr' id='par_1_14' title="bbox 2430 4815 2567 4876">
     <span class='ocr_line' id='line_1_35' title="bbox 2430 4815 2567 4876; baseline -0.015 0"><span class='ocrx_word' id='word_1_231' title='bbox 2430 4815 2567 4876; x_wconf 81' lang='lat' dir='ltr'><strong>Y2</strong></span> 
     </span>
    </p>
   </div>
   <div class='ocr_carea' id='block_1_15' title="bbox 2860 3917 3121 3972">
    <p class='ocr_par' dir='ltr' id='par_1_15' title="bbox 2860 3917 3121 3972">
     <span class='ocr_line' id='line_1_36' title="bbox 2860 3917 3121 3972; baseline 0.008 -2"><span class='ocrx_word' id='word_1_232' title='bbox 2860 3917 3121 3972; x_wconf 85' lang='lat' dir='ltr'><strong>Buckden.</strong></span> 
     </span>
    </p>
   </div>
  </div>
 </body>
</html>
