3875 5734
1619 799 1971 848 EPIs'rOLAE.
2728 787 2841 850 38]

771 971 1058 1058 singulos
1101 989 1326 1056 greges
1371 969 1690 1050 visitasse,
1751 975 2211 1058 pastorumque
2278 969 2741 1058 negligentiam
2788 973 2857 1034 et

771 1073 1166 1160 imperitiam
1231 1075 1598 1152 correxisse,
1647 1075 1836 1158 quasi
1897 1073 2223 1140 sufficiens
2288 1075 2517 1140 fuisset
2562 1077 2853 1138 tantum-

773 1177 964 1242 modo
1009 1175 1154 1240 aliis
1221 1197 1340 1242 sua
1399 1177 1816 1264 reputatione
1877 1175 2131 1242 idoneis
2190 1177 2565 1264 pastoribus
2628 1197 2853 1264 greges

773 1280 1066 1368 singulos
1103 1281 1566 1346 custodiendos
1609 1279 1957 1344 tradidisse
1982 1305 2001 1360 3
2048 1301 2179 1366 qua
2214 1279 2485 1366 justicia
2516 1279 2855 1346 damnum

773 1405 968 1448 0111110
1011 1383 1412 1448 reddidisset
1457 1389 1526 1448 et
1569 1381 1892 1470 quicquid
1948 1383 2149 1468 furto
2208 1383 2509 1468 perierat
2556 1383 2637 1446 ab
2700 1383 2853 1470 ‘ipso

773 1493 1076 1552 exactum
1141 1491 1316 1568 esset,
1383 1485 1490 1552 vel
1555 1509 1688 1572 qua
1737 1485 2127 1550 necessitate
2196 1493 2361 1552 cestu
2422 1491 2735 1552 ureretur
2798 1493 2857 1552 et

767 1589 940 1674 yelu,
1015 1587 1430 1674 fityissetque
1497 1611 1774 1656 somnus
1849 1587 1930 1654 ab
2006 1587 2217 1654 oculis
2282 1587 2561 1674 ipsius?
2700 1589 2857 1654 Non

769 1691 978 1778 igitur
1021 1691 1342 1758 sufficiens
1391 1689 1522 1758 fuit
1583 1715 1718 1758 suae
1785 1713 1957 1758 curae
2020 1689 2335 1778 pastorali
2388 1695 2679 1780 pastores
2744 1713 2861 1758 sua

771 1795 1184 1882 reputatione
1271 1797 1538 1860 idoneos
1625 1795 1900 1884 singulis
2010 1797 2315 1884 gregibus
2424 1795 2863 1860 custodiendis

771 1897 1116 1986 deputasse
1143 1921 1160 1978 3
1207 1897 1320 1962 sed
1349 1897 1640 1986 oportuit
1667 1899 1934 1986 insuper
1964 1919 2113 1962 eum
2158 1897 2465 1984 vigilanti
2496 1897 2859 1986 diligentia,

771 2001 1188 2066 solicitudine
1237 2001 1530 2088 provida,
1595 1999 1820 2066 labore
1881 2001 2301 2088 infatigabili,
2370 2001 2541 2066 sicut
2592 2001 2859 2088 praedic-

771 2109 916 2168 tum
961 2107 1078 2184 est,
1125 2109 1266 2170 tam
1309 2127 1532 2192 greges
1593 2127 1788 2190 quam
1855 2109 2149 2190 pastores
2194 2105 2463 2172 visitare
2532 2103 2859 2170 omnibus-

773 2229 896 2292 que
943 2229 1166 2272 eorum
1213 2207 1574 2274 defectibus
1637 2209 1924 2274 remedia
1988 2207 2293 2276 tribuere.
2382 2209 2473 2272 Et
2538 2213 2859 2294 quantum

769 2313 966 2396 putas
1007 2311 1376 2396 punivisset
1421 2333 1628 2376 unum
1661 2313 1740 2376 de
1771 2309 2147 2400 pastoribus
2178 2313 2299 2376 sub
2342 2333 2411 2376 se
2454 2311 2853 2388 constitutis,

769 2415 824 2478 si
917 2415 978 2478 ei
1065 2415 1136 2478 in
1225 2415 1388 2478 facie
1475 2415 1826 2480 restitisset
1913 2437 1997 2480 ne
2086 2437 2349 2500 gregem
2440 2421 2559 2478 aut
2646 2415 2859 2500 gregis

769 2521 1094 2604 pastorem
1155 2517 1504 2596 visitasset,
1547 2523 1614 2582 et
1661 2517 2041 2604 corrigenda
2086 2523 2155 2580 et
2196 2517 2607 2580 reformanda
2648 2517 2721 2580 in
2766 2517 2857 2580 eis

769 2621 1118 2706 corrigeret
1163 2625 1232 2684 et
1273 2619 1696 2686 reformaret?
1787 2619 1957 2684 Cum
2000 2619 2205 2706 igitur
2262 2621 2505 2684 carnali
2550 2619 2859 2706 pastorali

771 2721 976 2788 officio
1021 2721 1228 2808 ipsius
1257 2721 1466 2786 Jacob
1511 2721 1598 2788 sit
1639 2721 2087 2786 manifestatio
2118 2727 2185 2784 et
2230 2709 2543 2800 doctrina,
2578 2721 2859 2806 qualiter

769 2823 1052 2912 episcopi
1097 2829 1390 2912 pastores
1435 2825 1804 2888 animarum
1849 2823 2131 2888 officium
2176 2823 2527 2910 pastorale,
2568 2823 2857 2910 spiritale

767 2929 1052 2992 debeant
1081 2949 1406 3012 peragere,
1441 2925 1864 2992 manifestum
1913 2933 2031 3006 est,
2080 2927 2257 3012 quod
2286 2927 2729 3012 episcoporum
2760 2931 2859 2992 est

769 3051 884 3116 per
953 3051 1178 3094 omnes
1239 3051 1466 3114 greges
1535 3029 1959 3114 omniumque
2026 3051 2299 3116 gregum
2342 3029 2463 3094 sub
2510 3033 2599 3094 se'
2624 3029 2859 3094 consti-

769 3139 952 3198 tutos
993 3137 1286 3220 pastores
1331 3133 1606 3220 impigre
1651 3131 2025 3210 discurrere,
2072 3155 2305 3218 eosque
2364 3131 2859 3220 diligentissime

771 3237 1056 3314 visitare,
1123 3239 1342 3300 errata
1387 3243 1456 3300 et
1503 3235 1866 3300 deformata
1907 3237 1983 3300 in
2028 3237 2119 3300 eis
2184 3237 2499 3322 corrigere
2548 3243 2617 3300 et
2658 3237 2855 3300 refor-

769 3361 966 3420 mare,
1031 3343 1112 3402 ut
1185 3337 1438 3424 possint
1511 3337 1560 3402 J
1563 3359 1676 3402 esu
1741 3339 2021 3418 Christo,
2092 3339 2207 3426 qui
2280 3339 2453 3426 ipsas
2516 3361 2669 3404 oves
2728 3337 2855 3402 sibi

771 3441 1088 3528 sanguine
1131 3441 1394 3528 proprio
1457 3441 1832 3528 adquisivit,
1893 3463 2265 3528 congruam,
2314 3441 2483 3508 sicut
2526 3447 2851 3518 tenentur,

771 3543 1038 3608 reddere
1101 3543 1424 3608 rationem
1483 3543 1556 3608 in
1619 3543 1916 3608 districto
1962 3545 2279 3624 examine,
2328 3543 2625 3630 quodque
2670 3543 2853 3630 digni

773 3651 930 3712 sunt
965 3645 1352 3732 gravissima
1379 3645 1724 3732 punitione
1753 3647 1868 3732 qui
1895 3645 1971 3710 in
2000 3645 2121 3712 hac
2150 3653 2337 3734 parte
2366 3647 2675 3712 nituntur
2720 3645 2853 3732 epi-

771 3747 978 3834 scopis
1025 3747 1160 3814 suis
1205 3747 1520 3814 resistere.
1613 3747 1920 3834 Legimus
1964 3753 2193 3836 postea
2232 3749 2307 3812 in
2350 3747 2517 3838 libro
2566 3747 2849 3828 Genesis,
2878 3759 3003 3810 Gen.

773 3849 946 3934 quod
991 3849 1196 3914 etiam
1237 3851 1486 3936 proprii
1529 3849 1650 3914 filii
1695 3849 1900 3916 Jacob
1944 3857 2233 3936 pastores
2262 3839 2463 3926 erant,
2496 3855 2567 3914 et
2594 3855 2851 3916 constat

2874 3825 3075 3876 xxxvii.

2878 3909 3031 3956 From
3048 3907 3133 3956 the

773 3951 946 4036 quod
989 3951 1218 4016 ovium
1259 3953 1488 4038 patris.
1581 3951 1720 4018 Nec
1763 3957 1987 4038 potest
2032 3951 2161 4016 dici
2190 3953 2349 4038 quin
2394 3957 2609 4016 essent
2654 3951 2853 4016 etiam
2880 3975 3071 4038 history
3092 3975 3153 4022 of

771 4053 1244 4138 quodammodo
1307 4059 1376 4118 et
1437 4055 1726 4142 ipsorum
1787 4053 2075 4118 filiorum
2144 4075 2313 4132 oves,
2376 4077 2527 4120 cum
2592 4059 2855 4140 patrum
2882 4041 3079 4158 ggggb’s

773 4155 860 4222 sit
923 4155 1080 4220 filiis
1139 4155 1622 4236 thesaurizare3
1701 4179 1973 4242 cumque
2004 4197 2007 4200 ·
2036 4161 2223 4242 pater
2290 4157 2399 4220 ille
2444 4157 2857 4242 evangelicus

771 4279 904 4324 non
965 4259 1346 4326 blandiente
1407 4259 1764 4340 mendacio,
1829 4261 1947 4326 sed
2006 4259 2341 4338 veraciter,
2388 4259 2571 4324 dicat
2630 4259 2863 4346 majori
2968 4325 2973 4330 ,

771 4359 924 4442 filio,
971 4359 1136 4442 Feli,
1187 4369 1262 4428 tu
1323 4383 1586 4448 semper
1627 4383 1892 4428 mecum
1962 4383 2043 4440 08,
2106 4367 2167 4426 et
2224 4359 2467 4426 omnia
2532 4383 2685 4428 ‘mea
2744 4369 2869 4428 tua
2894 4377 2947 4428 S.
2966 4377 3095 4428 Luc.
3114 4395 3203 4430 xv.

769 4469 946 4530 swnt.
1057 4463 1382 4550 Nunquid
1423 4467 1630 4552 igitur
1675 4467 2049 4552 putandum
2094 4471 2209 4542 est,
2256 4465 2437 4552 quod.
2476 4465 2603 4530 filii
2644 4465 2873 4546 Jacob,
2898 4449 2979 4496 31.

773 4567 928 4650 quia
973 4587 1200 4632 curam
1243 4569 1468 4632 ovium
1533 4569 1624 4634 eis
1685 4569 2073 4648 tradiderat,
2144 4573 2215 4636 et
2258 4591 2367 4632 eas
2410 4569 2575 4656 ipsis
2616 4569 2877 4634 thesau-

771 4667 1040 4746 rizabat,
1109 4671 1512 4736 restitissent
1575 4673 1750 4758 patri
1817 4695 1973 4738 oves
2038 4672 2189 4758 plus
2256 4695 2407 4738 suas
2476 4695 2675 4758 quam
2738 4673 2883 4736 illo-
