3875 5734
1087 779 1218 842 418
1735 793 2031 846 ROBERTI
2076 795 2533 846 enossnrnsrn

1091 971 1498 1052 correctione,
1547 975 1614 1040 et
1657 969 2113 1038 reformatione
2180 971 2503 1060 repellere,
2560 991 2707 1038 cum
2750 973 2851 1038 his
2902 971 3057 1038 fidei
3098 977 3165 1038 et

1091 1099 1344 1146 morum
1365 1077 1588 1142 unitas
1633 1083 2051 1144 conservetur
2068 1077 2109 1158 ²,
2156 1081 2589 1164 supportetur,
2636 1081 2705 1142 et
2750 1077 3167 1146 defendatur?

1183 1181 1336 1248 Non
1381 1179 1586 1248 solum
1635 1183 1810 1248 enim
1855 1181 2163 1262 oratione,
2208 1181 2685 1270 praedicatione,
2734 1179 3165 1266 exemplorum

1093 1285 1412 1350 bonorum
1519 1287 1902 1366 ostensione,
1994 1289 2063 1352 et
2174 1305 2499 1358 sacrorum
2610 1283 3167 1350 administratione

1093 1389 1340 1468 unitur,
1373 1391 1574 1476 viget,
1625 1395 1778 1470 stat,
1827 1395 1896 1456 et
1940 1389 2309 1476 protegitur
2352 1387 2631 1468 ecclesia,
2678 1389 2793 1454 sed
2836 1393 2903 1452 et
2942 1389 3165 1454 visita-

1095 1495 1292 1574 tione,
1337 1495 1740 1572 correctione,
1789 1497 1856 1558 et
1901 1491 2373 1560 reformatione.
2464 1491 2629 1572 Quae
2670 1493 2801 1558 tria
2842 1491 3071 1556 ultima
3114 1491 3167 1558 si

1095 1597 1436 1678 defuerint,
1513 1599 1812 1684 nunquid
1907 1597 2139 1662 civitas
2212 1595 2529 1662 unitionis
2628 1595 2749 1660 sub
2826 1617 2961 1660 una
3030 1595 3165 1682 lege

1097 1701 1344 1766 Christi
1387 1701 1778 1778 viventium,
1823 1705 1892 1764 et
1937 1701 2235 1764 columna
2280 1699 2805 1786 supportationis
2838 1703 2905 1764 et
2946 1721 3167 1772 murus

1093 1803 1484 1868 defensionis
1525 1803 1784 1890 plenam
1829 1807 1898 1866 et
1956 1823 2187 1888 puram
2242 1803 2691 1888 integritatem
2736 1803 3085 1868 servabunt
3102 1803 3169 1866 ‘22

1097 1905 1172 1970 Si
1215 1905 1354 1972 haec
1399 1905 1616 1970 omnia
1661 1905 1991 1968 salvandis
2036 1905 2379 1972 animabus
2424 1911 2579 1970 sunt
2644 1907 3009 1988 necessaria,
3056 1927 3167 1970 cur

1093 2007 1558 2074 subtrahentur
1601 2007 1916 2094 episcopo,
1962 2009 2077 2094 qui
2124 2009 2315 2074 datus
2360 2013 2457 2074 est
2516 2007 2589 2072 in
2652 2009 2927 2076 salutem
2992 2009 3165 2076 omni

1091 2109 1346 2196 populo,
1393 2111 1542 2196 plus
1583 2113 1945 2196 posteriora
1988 2133 2183 2198 quam
2226 2111 2487 2198 priora?
2754 2097 2759 2102 ’

765 2225 1032 2304 Tne-eom·
1183 2211 1256 2278 Si
1301 2213 1476 2278 dieat
1523 2215 1666 2298 quis
1709 2213 1866 2298 quia
1909 2215 2247 2280 commissa
2292 2219 2389 2280 est
2432 2211 2845 2280 inferioribus
2886 2213 3165 2302 praelatis

763 2307 966 2344 m⁸⁸¹⁰¹¹
1091 2337 1352 2382 suorum
1445 2317 1858 2382 subditorum
1962 2319 2271 2384 correctio
2376 2321 2443 2384 et
2544 2317 2929 2400 reformatio,
3024 2319 3165 2386 ideo

757 2369 986 2478 igssieffotrz
1091 2421 1226 2486 haec
1301 2421 1682 2486 adimuntur
1755 2421 2091 2508 episcopm
2164 2443 2315 2510 ergo
2380 2421 2605 2488 eadem
2682 2423 2949 2502 ratione,
3018 2425 3165 2508 quia

757 2511 1056 2626 ἓῗζζὲζᾞὸγ
1091 2525 1498 2590 commissum
1559 2529 1660 2590 est
1717 2525 1810 2590 eis
1885 2547 2085 2604 orare,
2162 2525 2529 2612 praedicare,
2606 2527 2905 2610 exempla
2980 2525 3165 2598 bonae

755 2629 838 2678 the
851 2629 1068 2696 hishop’s
1091 2627 1600 2698 conversationis
1645 2633 1975 2716 praestare,
2040 2633 2443 2694 sacramenta
2486 2627 2911 2694 ecclesiastica
2950 2629 3165 2694 minis-

755 2713 938 2760 power,
1087 2739 1262 2796 trare
1335 2733 1574 2820 populo
1651 2731 1744 2796 eis
1859 2731 2167 2816 subjectO,
2258 2733 2631 2796 adimentur
2734 2733 2871 2798 haec
2956 2733 3167 2796 omnia.

1089 2835 1398 2922 episcopo
1487 2833 1812 2900 Dominus
1855 2839 2077 2900 noster
2118 2835 2167 2900 J
2170 2855 2315 2900 esus
2362 2835 2681 2914 ChristuS,
2736 2833 2917 2920 cujus
2960 2833 3165 2900 omnis

759 2953 864 3032 gs.
887 2955 998 3006 Pet.
1087 2941 1256 3006 actio
1321 2943 1550 3004 nostra
1609 2943 1708 3004 est
1769 2937 1959 3004 lectio
2028 2943 2093 3002 et
2152 2939 2499 3006 instructio
2520 2937 2561 3018 ³,
2610 2937 2721 3024 qui
2776 2959 3017 3024 passus
3058 2943 3163 3018 est,

755 3037 810 3072 ¹¹·
835 3027 916 3072 ²¹·
1091 3039 1286 3108 ‘nobis
1325 3039 1718 3128 relinquens
1763 3039 2143 3126 exemplum
2184 3047 2265 3106 ut
2306 3063 2671 3128 sequamur
2696 3039 2973 3126 vestimen
3012 3039 3161 3126 ejm,

759 3137 812 3254 {³-
831 3139 956 3256 gam.
979 3139 1056 3190 ix.
1093 3145 1364 3212 mittens
1409 3143 1758 3232 discipulos
1801 3143 1888 3210 ad
1931 3143 2411 3230 praedicandum
2486 3143 2677 3216 dedit
2736 3143 2883 3210 illis
2952 3141 3165 3210 virtu-

755 3243 878 3348 ss'mi
1093 3255 1226 3314 tem
1301 3255 1358 3314 et
1439 3253 1826 3336 potestatem
1913 3267 2117 3332 super
2204 3247 2445 3314 omnia
2520 3247 2875 3326 doemonia,
2948 3253 3007 3314 et
3090 3253 3165 3312 ut

759 3363 974 3444 Cnrist’s
995 3375 1050 3418 to
1097 3351 1454 3436 lanquores
1545 3357 1860 3416 curarent
1875 3375 1904 3432 ,·
1998 3351 2111 3438 qui
2202 3349 2497 3438 ‘ingressi
2584 3349 2967 3418 circuibant
3042 3373 3167 3438 per

755 3431 1076 3570 ξζῗξξξὲξό
1103 3453 1370 3520 castella
1441 3453 1973 3540 evanyelizantes
2046 3461 2107 3520 et
2160 3461 2473 3522 curantes
2544 3453 2805 3540 ubique,
2868 3453 3167 3540 subjectis

755 3567 866 3620 His.
1093 3559 1296 3624 etiam
1337 3557 1464 3624 sibi
1525 3557 1945 3624 daemonibus
2038 3555 2219 3624 Licet
2278 3559 2487 3644 igitur
2550 3557 2921 3642 hujusmodi
2964 3559 3167 3624 virtu-

1091 3667 1226 3728 tem
1275 3665 1340 3726 et
1383 3665 1776 3748 potestatem
1825 3659 2083 3726 dederit
2124 3661 2457 3748 discipulis
2504 3661 2807 3742 calcandi,
2854 3661 3165 3742 videlicet,

1091 3787 1284 3852 super
1327 3771 1654 3852 serpentes
1699 3771 1770 3830 et
1811 3765 2181 3852 scorpiones
2226 3770 2295 3830 et
2322 3787 2517 3852 super
2562 3787 2817 3830 omnem
2860 3765 3167 3830 virtutem

1087 3867 1362 3948 inimici,
1407 3871 1472 3934 et
1525 3869 1792 3954 insuper
1833 3868 2115 3954 gratiam
2162 3867 2521 3936 curationis
2566 3873 2635 3934 et
2690 3869 2965 3936 officium
3010 3891 3167 3958 prae-

1089 3969 1448 4052 dicationis,
1509 3971 1808 4058 nunquid
1867 3993 1985 4058 per
2028 3971 2149 4038 hoc
2206 3973 2345 4060 ipse
2392 3972 2655 4040 sibimet
2696 3971 2837 4038 haec
2894 3973 3171 4038 ademit?

1089 4073 1158 4138 N
1159 4073 1408 4160 unquid
1473 4095 1608 4140 non
1673 4073 1920 4162 legitur
1962 4079 2191 4162 postea
2238 4079 2307 4150 et
2374 4075 2697 4142 daemones
2766 4077 3035 4164 ejecisse,
3102 4077 3169 4142 et

1481 4471 1496 4504 ¹
1531 4469 1856 4538 conservetur]
1885 4471 2221 4534 constituetur,
2246 4469 2427 4524 C.O.C.

1481 4553 1504 4582 ²
1535 4551 1818 4620 servabunt]
1873 4553 2211 4616 servabuntur,
2234 4551 2379 4602 Trin.
2406 4547 2601 4610 C.C.C·,
2618 4547 2715 4600 Ox.

1483 4633 1506 4662 ³
1537 4633 1814 4698 instructio]
1851 4631 2165 4694 ministratio,
2198 4631 2341 4684 Tria.
