3875 5734
1587 797 1941 846 EPIsTOLAE.
2688 789 2819 858 ‘147

739 993 954 1038 omnes
1021 971 1316 1038 ecclesias
1385 995 1520 1038 non
1589 975 1918 1042 dedicatas
1968 975 2277 1044 dedicare.
2370 977 2459 1042 Et
2504 977 2661 1064 quia
2704 1001 2819 1066 per

735 1077 1206 1168 procurationes
1249 1083 1508 1144 nostras
1553 1081 1804 1168 aliquos
1859 1103 2135 1168 gravare
2196 1103 2331 1146 non
2394 1083 2815 1166 intendimus,

733 1207 842 1252 nec
913 1205 1240 1272 possemus
1317 1185 1398 1250 de
1473 1185 1648 1252 facili
1721 1209 1762 1252 a
1837 1187 2197 1254 rectoribus
2272 1187 2679 1254 ecclesiarum
2744 1189 2817 1254 in

735 1289 1022 1356 domibus
1089 1289 1222 1356 suis
1289 1289 1430 1356 sine
1495 1311 1720 1356 eorum
1793 1313 1928 1356 non
2004 1313 2205 1380 parvo
2280 1293 2673 1378 gravamine,
2738 1299 2817 1358 ut

733 1395 1058 1476 credimUS,
1091 1395 1456 1482 procurari3
1501 1419 1804 1482 rogamus
1849 1401 1928 1462 ut
1974 1397 2055 1462 de
2100 1395 2291 1462 modo
2330 1401 2399 1462 et
2444 1397 2817 1482 quantitate

731 1499 914 1590 pretii
959 1499 1284 1566 dictarum
1343 1501 1878 1588 procurationum
1937 1503 2477 1590 recipiendarum,
2526 1507 2817 1568 vestrum

731 1605 908 1672 nobis
979 1605 1352 1672 rescribatis
1425 1607 1782 1674 consilium.
1877 1605 2279 1694 Signifieetis
2358 1605 2555 1672 etiam
2630 1601 2817 1672 nobis
2844 1619 2925 1672 He
2948 1623 3063 1674 asks

731 1711 838 1800 qui
881 1711 1248 1776 beneficiati
1291 1711 1400 1776 vel
1459 1711 1826 1778 sacerdotes
1871 1711 1979 1776 vel
2040 1713 2217 1776 infra
2282 1733 2493 1778 sacros
2556 1711 2815 1776 ordines
2844 1689 2919 1740 for
2940 1693 3117 1744 advice,

2842 1773 2871 1806 a
2916 1765 2969 1808 to
3024 1775 3051 1808 r
3086 1791 3107 1800 -

735 1815 1082 1898 constituti,
1131 1817 1414 1884 convicti
1457 1817 1566 1882 vel
1627 1819 1900 1884 confessi
1962 1841 2177 1884 coram
2220 1819 2409 1884 vobis
2462 1839 2655 1906 super
2714 1817 2813 1880 in—
2842 1773 3107 1906 cirafilgd'ss,

733 1923 1142 2000 continentia,
1197 1923 1656 2010 obligaverunt
1719 1947 1786 1988 se
1851 1923 1932 1988 ad
2002 1923 2463 1988 beneficiorum
2526 1921 2811 2010 resigna·
2838 1895 3123 2016 3312?in

733 2027 982 2106 tionem,
1031 2025 1136 2094 vel
1197 2027 1394 2096 aliam
1437 2049 1704 2114 poenam
1749 2027 2143 2106 canonicam,
2190 2029 2249 2094 si
2292 2027 2541 2094 accidat
2588 2049 2695 2094 eos
2738 2029 2811 2092 in
2838 2031 3063 2096 Spectissg

733 2133 898 2196 idem
935 2133 1178 2196 vitium
1219 2131 1594 2212 recidivare,
1667 2139 1734 2198 et
1799 2133 2241 2198 instrumenta
2302 2155 2523 2198 eorum
2568 2133 2681 2220 qui
2746 2155 2811 2196 se
2838 2099 3001 2232 ἓξὲξ,
3024 2169 3085 2216 of

735 2259 842 2322 per
901 2237 1340 2302 instrumenta
1413 2237 1896 2326 obligaverunt,
1956 2239 2065 2304 vel
2142 2239 2493 2304 eorundem
2566 2237 2809 2304 instru-
2838 2235 3051 2286 inconti-

735 2345 1088 2406 mentorum
1135 2343 1546 2430 transcripta,
1595 2343 1784 2410 nobis
1829 2343 2085 2408 faciatis
2128 2343 2385 2408 habere.
2474 2341 2723 2410 Valete.
2838 2319 3009 2354 nence.

1711 2583 1824 2648 LI.

737 2739 1044 2808 Robertue
1091 2741 1226 2808 Deo:
1285 2741 1520 2826 qratia
1565 2741 2083 2810 Lincolniewsis
2134 2741 2511 2832 Episcopus
2578 2739 2811 2808 dilecto
2910 2759 3049 2804 1238.

899 2847 984 2912 ’ἐπ
1043 2847 1304 2912 Chri-sto
1347 2845 1510 2932 filio
1553 2847 1886 2934 ‘mcfflistro
1940 2847 2205 2912 Thomoe
2262 2847 2571 2926 Walensi,
2622 2869 2817 2912 ccmo-

899 2949 1054 3016 m'co
1099 2949 1580 3018 Lincolwiensi
1635 2951 1941 3034 salutem,
2000 2949 2323 3038 matiam,
2388 2959 2443 3018 et
2522 2949 2815 3018 benedic-

901 3053 1164 3120 tionem.

821 3219 1102 3284 Roberto
1121 3233 1152 3264 θ’
1215 3217 1668 3284 archidiacono
1739 3217 2191 3284 Lincolniensi
2236 3219 2415 3284 viam
2492 3217 2813 3282 univers-fae
2842 3243 2979 3294 offer
2992 3241 3051 3290 of
3062 3241 3147 3290 the

735 3321 934 3386 carnis
993 3321 1294 3408 ingresse,
1347 3321 1556 3408 (cujus
1625 3323 1862 3388 animae
1929 3323 2325 3410 propitietur
2370 3321 2599 3406 Deus)
2670 3345 2817 3388 con-
2840 3311 3077 3442 332¹?ssss

737 3425 998 3502 tulimus
1089 3425 1694 3492 archidiaconatum
1781 3427 2139 3492 Lincolniae
2226 3449 2377 3492 cum
2466 3427 2817 3514 praebenda
2842 3443 3083 3502 Lineolnf

737 3549 924 3612 quam
989 3529 1200 3594 dictus
1269 3527 1764 3594 archidiaconus
1837 3531 2073 3608 tenuit,
2142 3531 2283 3612 tibi,
2360 3531 2433 3594 in
2506 3529 2817 3618 praedicto
2844 3511 2973 3628 {22¹3
2988 3525 3149 3624 aepre-

737 3633 1258 3696 archidiaconatu
1321 3633 1600 3698 residere
1675 3639 1918 3720 parato
2036 3633 2191 3700 Non
2268 3635 2457 3712 enim,
2528 3639 2817 3698 terrente
2844 3645 3065 3722 Thomas

737 3757 848 3800 nos
889 3737 1120 3800 timore
1165 3735 1310 3814 Dei,
1359 3735 1502 3800 ausi
1569 3759 1794 3802 sumus
1859 3741 2123 3804 tantam
2184 3759 2407 3802 curam
2450 3737 2817 3798 animarum
2842 3711 3109 3834 JValensm.

739 3837 922 3904 alicui
965 3839 1274 3916 conferre,
1321 3837 1450 3904 nisi
1515 3841 1576 3904 ei
1643 3843 1756 3926 qui
1799 3841 2011 3926 ipsam
2058 3863 2279 3904 curam
2344 3861 2457 3924 per
2526 3861 2591 3904 se
2658 3861 2819 3922 prae-
2844 3803 3065 3934 133?th
3086 3803 3149 3852 de

737 3941 1090 4008 sentialiter
1133 3941 1334 4008 vellet
1379 3963 1586 4028 agere.
1679 3943 1834 4030 Ipsa
1893 3945 2067 4008 enim
2128 3965 2295 4020 cura,
2342 3947 2421 4006 ut
2480 3947 2557 4006 tu
2620 3939 2817 4004 etiam

737 4043 892 4110 bene
957 4045 1148 4124 nosti,
1215 4067 1352 4110 non
1421 4047 1832 4112 mediocriter
1897 4067 2137 4130 magna
2208 4051 2323 4124 est,
2396 4045 2511 4110 sed
2580 4065 2821 4130 magna

737 4149 936 4228 valde,
983 4169 1176 4234 egens
1237 4151 1486 4212 rectore
1553 4173 1808 4236 semper
1871 4153 2209 4236 praesente,
2256 4147 2625 4236 vigilanter,
2670 4171 2823 4234 pru-

741 4251 996 4330 denter,.
1025 4249 1392 4338 diligenter,
1441 4258 1512 4316 et
1577 4257 1882 4338 potenter
1950 4251 2163 4316 eidem
2226 4251 2643 4332 intendente3
2706 4251 2821 4336 qui

737 4353 998 4418 verbum
1049 4353 1340 4420 Domini
1385 4361 1778 4440 opportune,
1825 4353 2217 4440 inoportuna
2254 4353 2595 4440 promicet,
2646 4353 2819 4440 seip-
2846 4375 2879 4416 2
2904 4369 3033 4420 Tim.
3058 4369 3125 4418 iv.

739 4479 884 4524 sum
913 4455 1290 4544 eoeemplum
1319 4457 1650 4524 bonorum
1679 4481 1957 4544 operum
1976 4463 2275 4542 praestat,
2310 4479 2457 4522 cum
2490 4457 2655 4522 dicit
2682 4479 2817 4522 mo·
2844 4443 2943 4554 {st
2966 4503 3019 4554 fi·
3050 4509 3093 4554 7.

735 4561 872 4625 nita
899 4557 1128 4624 salutis
1151 4564 1216 4622 et
1245 4581 1382 4624 non
1411 4563 1780 4638 exauditur,
1801 4561 1995 4624 anxie
2026 4560 2259 4638 doleat,
2282 4561 2609 4624 uberrime
2640 4559 2811 4638 fleat,

741 4661 844 4746 qui
887 4661 1082 4726 etiam
1111 4683 1368 4728 mamas
1397 4683 1556 4728 suas
1585 4661 1668 4728 ab
1713 4663 1906 4728 omo-zi
1933 4683 2215 4728 evanuere
2246 4661 2553 4744 excutiat,
2584 4685 2811 4750 poenas
2836 4679 2931 4728 Isa.
2956 4677 3145 4728 xxxiii.

739 4765 1128 4848 pecuniarias
1171 4785 1330 4850 quas
1375 4787 1416 4830 a
1467 4763 1995 4850 delinquentibus
2058 4765 2133 4830 in
2196 4765 2577 4830 delictorum
2624 4765 2811 4852 puni-
2840 4751 2913 4794 ¹5·

2406 4873 2541 4932 K2
