3875 5734
1567 825 1920 876 EPISTOLAE.
2652 827 2779 890 213

713 1005 850 1082 31113,
895 1003 1006 1072 sed
1051 1023 1166 1092 pro
1211 1001 1526 1082 0111011003,
1575 1011 1646 1072 et
1689 1003 2011 1092 praecipue
2078 1025 2195 1090 pro
2238 1005 2479 1072 divinis
2544 1005 2783 1074 debent

713 1133 954 1200 ponere.
1045 1107 1234 1190 Quod
1299 1107 1356 1176 si
1401 1109 1580 1176 dicat
1641 1109 1808 1198 quiS,
1853 1107 2027 1196 quod
2086 1107 2441 1174 secundum
2484 1111 2781 1200 Evange-

713 1217 882 1298 lium,
945 1213 1292 1282 ‘reddenda
1355 1221 1522 1282 sunt
1581 1237 1730 1304 quoe
1799 1221 1965 1282 sunt
2030 1211 2315 1282 Ooesms
2388 1213 2655 1296 Oaecari,
2720 1223 2781 1284 ct
2806 1227 2855 1280 S.
2880 1229 3027 1308 matt.

713 1345 852 1410 quoe
891 1327 1052 1386 sunt
1097 1319 1230 1386 Dei,
1271 1321 1428 1400 DeO,
1475 1345 1550 1388 ac
1595 1345 1712 1410 per
1757 1323 1878 1388 1100
1940 1321 2253 1388 habentes
2322 1319 2621 1386 baronias
2686 1327 2781 1388 te·
2804 1313 2931 1350 ³³¹¹·
2956 1305 3037 1352 ²¹·

713 1433 942 1492 nentur
983 1425 1242 1492 domino
1285 1427 1424 1514 regi
1481 1425 1750 1494 reddere
1817 1425 2135 1494 rationem
2178 1425 2605 1502 baroniarum,
2646 1427 2787 1514 jus-

713 1533 966 1598 titiariae
1043 1531 1494 1610 ministerium,
1561 1533 1989 1620 respondetur
2064 1531 2297 1596 leviter
2358 1535 2427 1596 et
2482 1531 2785 1612 breviter,

715 1639 878 1726 quod
967 1637 1022 1704 si
1109 1637 1398 1704 baroniae
1487 1637 1778 1704 virorum
1883 1635 2457 1704 ecclesiasticorum
2546 1635 2789 1702 debent

715 1743 962 1810 domino
1019 1743 1154 1830 regi
1217 1741 1596 1830 justitiarioe
1657 1743 2111 1824 ministerium,
2162 1767 2297 1810 non
2356 1749 2621 1832 propter
2670 1743 2791 1810 1100

715 1849 830 1914 viri
875 1847 1294 1926 ecclesiastici,
1345 1847 1582 1934 quibus
1629 1855 1730 1916 est
1789 1849 1920 1914 tale
1980 1849 2419 1916 ministerium
2464 1849 2787 1928 illicitum,

715 1953 956 2018 solvent
1017 1953 1180 2018 illud
1243 1973 1360 2040 per
1425 1973 1716 2040 personae
1781 1977 1916 2020 suae
1978 1959 2199 2020 actum
2262 1953 2613 2042 proprium,
2676 1953 2787 2020 sed

715 2081 824 2142 per
869 2055 1132 2124 alterius
1181 2079 1472 2144 personae
1535 2063 1776 2138 actum,
1831 2059 1936 2124 cui
2004 2059 2133 2126 tale
2202 2059 2641 2124 ministerium
2690 2065 2791 2124 est

713 2163 992 2244 licitum3
1085 2161 1626 2250 quemadmodum
1709 2167 1928 2228 actum
1980 2163 2233 2230 militiae
2304 2169 2371 2230 et
2444 2187 2787 2244 armorum,

715 2291 898 2356 quem
1007 2267 1252 2334 ratione
1337 2267 1752 2334 baroniarum
1859 2269 2099 2336 debent
2188 2271 2261 2334 in
2352 2269 2787 2336 defensionem

713 2373 948 2462 patriae,
991 2397 1122 2438 non
1167 2373 1432 2438 solvunt
1475 2393 1590 2460 per
1637 2395 1722 2456 se,
1759 2395 1834 2440 eo
1879 2373 2055 2462 quod
2098 2373 2191 2440 eis
2232 2395 2369 2440 non
2412 2375 2565 2442 licet
2608 2397 2791 2440 arma

715 2483 974 2566 portare,
1035 2479 1144 2544 sed
1221 2477 1484 2544 solvunt
1551 2501 1670 2568 per
1739 2479 1898 2544 alios
1972 2501 2089 2566 pro
2164 2501 2247 2560 se,
2318 2481 2555 2564 quibus
2628 2481 2789 2544 talia

713 2583 902 2648 licent
973 2605 1086 2670 per
1157 2605 1238 2648 se.
1329 2583 1486 2648 Non
1555 2585 1760 2650 solum
1823 2587 2045 2648 autem
2106 2583 2423 2670 religiosis
2482 2583 2787 2664 maxime,

717 2693 780 2754 et
843 2693 1300 2774 consequenter
1361 2686 1508 2754 aliis
1577 2687 2021 2756 ecclesiasticis
2094 2687 2403 2776 personis,
2484 2687 2787 2754 illicitum

717 2799 808 2860 est
851 2793 1146 2860 secularis
1181 2793 1560 2880 justitiariae
1619 2793 1900 2860 officium
1948 2815 2257 2874 exercere,
2298 2793 2411 2858 sed
2454 2797 2523 2858 et
2566 2815 2791 2860 secun-

717 2897 864 2962 dum
951 2895 1354 2984 praescriptas
1441 2899 1730 2964 rationes
1819 2897 2099 2964 officium
2168 2897 2655 2964 vicecomitatus
2722 2901 2791 2964 et

717 3001 1036 3088 quodlibet
1067 3001 1346 3066 officium
1373 3001 1722 3082 consimile,
1765 3007 1834 3068 et
1861 3001 2145 3068 maxime
2190 3003 2275 3068 ad
2322 3003 2493 3090 quod
2542 3007 2793 3090 spectat

719 3129 882 3172 saeva
923 3127 1226 3172 exercere.

801 3211 1106 3276 Similiter
1169 3215 1396 3276 contra
1471 3209 1973 3276 constitutiones
2038 3211 2383 3276 canonicas
2454 3211 2791 3278 evidenter
2812 3219 2861 3268 lt
2884 3219 2929 3300 is
2952 3223 3055 3274 also

719 3315 950 3380 faciunt
1021 3315 1464 3380 ecclesiasticae
1537 3337 1852 3402 personae,
1901 3337 2053 3380 cum
2122 3315 2399 3380 ballivas
2476 3315 2787 3382 seculares
2812 3297 3005 3354 against
3038 3293 3121 3342 ‘¹¹⁹

2812 3371 2905 3406 can

715 3423 946 3498 tenent,
995 3417 1074 3484 de
1119 3417 1356 3504 quibus
1401 3423 1710 3484 tenentur
1751 3417 1914 3484 viris
1982 3419 2375 3486 secularibus
2442 3419 2787 3486 ratiocinia
2810 3361 3095 3476 eccssssf'agffr

715 3521 986 3602 reddere,
1049 3519 1430 3608 provinciali
1475 3519 1768 3590 Concilio
1829 3523 1953 3588 hoc
2000 3523 2341 3590 manifeste
2384 3523 2779 3612 prohibente.
2804 3493 3123 3612 ffifflgssular

719 3623 972 3702 Quanta
1013 3625 1212 3690 etiam
1253 3623 1592 3710 dispendia
1635 3627 2019 3712 temporalia
2062 3647 2249 3712 passa
2294 3627 2491 3690 fuerit
2520 3627 2783 3692 ecclesia
2798 3631 3039 3708 'steward-

719 3725 1084 3812 Anglicana,
1119 3749 1264 3792 cum
1309 3727 1726 3794 ecclesiastici
1751 3729 1882 3794 viri
1927 3729 2041 3816 qui
2086 3729 2463 3816 hujusmodi
2504 3729 2781 3794 ballivas
2800 3709 2885 3758 11¹1>
2892 3711 2931 3744 ὃ·

715 3831 1044 3910 tenuerint,
1121 3831 1228 3896 vel
1289 3851 1422 3896 non
1517 3831 1790 3898 redditis
1853 3831 2215 3898 ratiociniis
2288 3833 2371 3898 ab
2424 3833 2569 3898 hac
2642 3833 2783 3898 luce

717 3933 1022 4000 subtracti
1073 3939 1244 4014 sunt,
1293 3933 1402 3998 vel
1455 3933 1528 3998 in
1579 3935 1941 4002 ratiociniis
1992 3937 2337 4002 reddendis
2390 3935 2781 4016 defecerunt,

719 4037 854 4122 quis
893 4039 1194 4122 ignorat-,3
1241 4057 1388 4100 cum
1431 4035 1560 4122 ipsi
1609 4041 1808 4104 etiam
1861 4039 2141 4124 episcopi
2188 4039 2659 4124 compellantur
2704 4039 2781 4104 de

715 4141 1016 4206 fructibus
1089 4139 1564 4206 beneficiorum.
1613 4141 1989 4228 hujusmodi
2054 4143 2343 4208 virorum
2418 4141 2783 4208 satisfacere

715 4245 1094 4310 secularibus
1135 4245 1442 4330 personis
1511 4245 1750 4332 quibus
1819 4247 1904 4312 ad
1964 4245 2307 4312 ratiocinia
2368 4251 2559 4312 erant
2620 4247 2781 4312 obli-

713 4349 884 4434 gati3
953 4353 1018 4414 et
1061 4347 1152 4414 sic
1197 4347 1310 4434 qui
1349 4347 1680 4416 'tenentur
1735 4371 1838 4414 res
1899 4349 2355 4416 ecclesiasticas
2418 4349 2779 4428 defendere,

713 4457 774 4518 et
831 4457 906 4518 ut
965 4451 1036 4516 in
1101 4449 1242 4538 pios
1307 4473 1464 4518 usus
1529 4459 1995 4520 convertantur
2052 4451 2411 4542 providere,
2460 4459 2781 4540 coguntur

713 4577 836 4624 esse
877 4557 1156 4622 ministri
1201 4557 1640 4624 conversionis
1685 4557 2035 4624 earundem
2088 4557 2157 4620 in
2192 4557 2561 4622 defectuum
2604 4579 2779 4622 secu·-

713 4661 932 4728 cularis
977 4659 1166 4728 officii
1211 4663 1920 4748 recompensationem?
2010 4659 2179 4726 Cum
2222 4659 2363 4726 haec
2422 4665 2643 4728 autem
2710 4665 2779 4722 et
