3875 5734
701 969 834 1022 birth
857 973 956 1022 and

701 1041 832 1108 good
853 1055 974 1092 eon-

701 1107 954 1158 versation

703 1177 796 1228 has
821 1177 946 1226 been

703 1245 970 1296 mut-(iered

703 1319 754 1364 at
779 1313 986 1364 Oxford.

705 3361 800 3412 All
819 3363 906 3414 the

707 3437 960 3494 perpetra-

703 3507 810 3548 tors
827 3515 908 3550 arc
933 3507 984 3550 to

705 3565 770 3616 be
791 3583 988 3618 excom-

703 3633 1004 3700 municated,

1037 771 1168 836 438
1689 787 1987 838 ROBERTI
2036 789 2489 840 euossnrnsre

1037 965 1380 1032 obviantes
1427 965 1566 1032 sine
1607 987 1802 1034 causa
1841 967 1953 1034 vel
1996 969 2349 1048 commisso,
2398 967 2565 1034 sicut
2610 969 2865 1050 dieitur,
2910 969 3133 1058 plagas

1037 1071 1376 1138 horribiles
1407 1075 1474 1138 et
1503 1073 1816 1138 mortales
1829 1073 2043 1140 eidem
2064 1071 2437 1140 intulerunt
2464 1097 2481 1152 ;
2514 1073 2627 1158 qui
2646 1095 2795 1140 cum
2814 1073 3131 1140 niteretur

1039 1175 1330 1254 evadere,
1377 1175 1710 1242 carnifices
1775 1181 1840 1244 et
1911 1177 2177 1264 quidam
2220 1177 2333 1242 alii
2380 1197 2527 1242 cum
2568 1177 2799 1242 frustis
2844 1179 3131 1244 carnium

1039 1287 1106 1346 et
1147 1281 1486 1346 intestinis
1547 1303 1622 1346 ac
1673 1281 1808 1348 suis
1867 1281 2197 1370 spurcitiis
2264 1281 2541 1348 eundem
2584 1279 3017 1360 foedaverunt,
3066 1285 3135 1348 et

1039 1385 1154 1452 alii
1223 1385 1634 1452 contumeliis
1701 1387 1920 1474 ipsum
1986 1387 2295 1452 affectum
2358 1383 2685 1472 lapidibus
2754 1383 3127 1464 obruerunt,

1039 1491 1136 1556 ita
1181 1491 1358 1578 quod
1401 1491 1474 1556 in
1519 1493 1760 1558 ostium
1805 1491 2085 1556 ecclesiae
2134 1489 2447 1554 Omnium
2492 1487 2881 1554 Sanctorum
2950 1489 3135 1554 semi-

1041 1597 1236 1660 vivus
1317 1593 1568 1674 cecidit,
1637 1601 1706 1660 et
1767 1595 1838 1658 in
1899 1595 2169 1660 domum
2234 1615 2423 1658 suam
2490 1593 2793 1678 pendulis
2854 1593 3133 1658 brachiis

1041 1699 1374 1788 bajulatus
1435 1701 1540 1764 die
1597 1699 1800 1764 tertia
1859 1719 2115 1764 summo
2176 1719 2369 1764 mane
2432 1695 2889 1764 miserabiliter
2952 1697 3131 1784 expi-

1043 1803 1232 1870 ravit.
1325 1803 1568 1868 Ballivi
1643 1823 1900 1888 quoque
1974 1803 2155 1868 villae
2228 1801 2557 1888 praedictae
2632 1801 2987 1866 remedium
3060 1801 3131 1866 in

1043 1907 1162 1972 hac
1233 1911 1420 1992 parte
1491 1927 1624 1972 non
1683 1905 2087 1982 adhibentes
2136 1905 2343 1970 dictos
2404 1905 2709 1970 occisores
2772 1927 2887 1992 per
2952 1905 3129 1970 vicos

1041 2009 1334 2076 incedere
1379 2007 1650 2094 publice,
1693 2007 1862 2074 sieut
1907 2007 2163 2088 dicitur,
2212 2029 2393 2074 more
2450 2009 2643 2074 solito
2700 2007 3135 2096 coHoquentes

1043 2113 1302 2192 eisdem,
1333 2111 1782 2196 permiserunt,
1811 2133 2145 2198 quousque
2176 2111 2391 2178 dictus
2420 2111 2685 2178 clericus
2734 2113 3089 2198 expirasset
3116 2139 3133 2194 3

1043 2221 1106 2280 et
1139 2219 1298 2280 tunc
1329 2215 1586 2280 eosdem
1617 2219 1926 2280 nocentes
1956 2215 2043 2280 ad
2088 2213 2423 2280 ecclesiam
2468 2215 2649 2280 beati
2694 2215 2985 2294 Martini,
3018 2215 3135 2280 ubi

1043 2319 1218 2382 salvo
1265 2321 1536 2404 tuteque
1579 2319 1886 2402 resident,
1931 2339 2079 2384 cum
2124 2319 2321 2384 armis
2380 2319 2847 2386 conduxerunt.
2936 2319 3133 2408 Prop-

1041 2427 1144 2488 ter
1217 2445 1364 2508 quae
1409 2421 1828 2488 Universitas
1903 2423 2219 2508 praedicta
2294 2423 2521 2488 taliter
2608 2427 2709 2490 est
2796 2429 3129 2502 commota,

1043 2523 1216 2612 quod
1259 2525 1344 2590 ab
1391 2525 1690 2592 omnibus
1735 2525 2085 2592 lectoribus
2130 2531 2271 2592 tam
2314 2527 2661 2592 ordinariis
2690 2547 2887 2614 quam
2916 2531 3131 2592 extra-

1043 2629 1388 2694 ordinariis
1445 2633 1788 2710 cessanteS‚
1823 2629 2219 2714 juraverunt
2268 2629 2457 2716 quod,
2504 2631 2571 2696 ni
2636 2633 3003 2716 competens
3056 2629 3129 2694 in

1043 2733 1162 2798 hac
1225 2737 1416 2822 parte
1489 2733 1788 2800 vindicta
1851 2737 2165 2814 sumatur,
2240 2757 2391 2800 011111
2482 2733 2715 2822 saepius
2802 2733 3129 2800 consimile

1043 2837 1406 2924 contigerit,
1435 2859 1578 2922 ⁴nee
1641 2837 1971 2924 hucusque
2016 2837 2423 2904 vindicatum
2486 2839 2703 2920 fuerit,
2768 2837 3031 2904 omnino
3090 2859 3129 2900 a

1043 2941 1260 3008 studio
1337 2941 1740 3006 Oxonienses
1813 2941 2119 3006 recedent
2154 2967 2169 3022 ;
2244 2961 2363 3006 nee
2436 2941 2829 3028 permittunt
2902 2961 3129 3026 corpus

1043 3045 1204 3110 dieti
1271 3045 1484 3110 elerici
1551 3045 1904 3132 sepulturae
1933 3063 1936 3068 ·
1970 3043 2163 3122 tradi,
2212 3045 2339 3108 sed.
2388 3045 2475 3108 ad
2538 3043 2735 3130 hujus
2798 3041 2955 3108 facti
2998 3065 3131 3108 me-

1041 3147 1314 3214 moriam
1409 3171 1642 3234 corpus
1725 3147 2147 3214 inhumatum
2234 3151 2587 3226 reservant,
2684 3169 3017 3234 quousque
3090 3171 3129 3212 a

1043 3253 1304 3318 domino
1347 3273 1496 3340 rege
1541 3257 1612 3318 et
1655 3275 1696 3318 a
1737 3251 1928 3318 nobis
1970 3273 2351 3340 responsum
2396 3255 2693 3340 optatum
2736 3251 3109 3340 receperint.

1133 3357 1224 3422 Et
1271 3357 1446 3444 quod
1475 3357 1606 3420 nisi
1653 3357 1734 3422 de
1777 3357 2061 3422 veritate
2106 3357 2301 3444 hujus
2332 3357 2491 3422 facti
2518 3357 2707 3422 nobis
2750 3355 2931 3444 prius
2972 3357 3129 3444 legi-

1041 3459 1202 3528 time
1269 3465 1616 3540 constaret,
1687 3461 1760 3526 in
1823 3481 2169 3548 personam
2238 3459 2513 3546 alicujus
2574 3465 2691 3526 aut
2756 3459 3125 3526 comitatem

1043 3569 1286 3630 certam
1361 3587 1494 3630 non
1567 3587 1898 3654 possemus
1974 3567 2535 3632 condemnationis
2606 3563 2879 3650 alicujus
2964 3565 3127 3630 ferre

1041 3671 1450 3750 sententiam,
1517 3671 1706 3736 vobis
1775 3669 2175 3750 mandamus
2246 3671 2555 3756 quatinus
2624 3669 2765 3734 sine
2838 3669 3127 3756 quolibet

1039 3797 1238 3842 morae
1285 3773 1624 3862 dispendio
1683 3775 1768 3840 ad
1829 3773 2061 3840 villam
2128 3773 2403 3840 Oxoniae
2466 3773 2891 3862 personaliter
2954 3795 3129 3840 aece-

1041 3879 1286 3958 dentes,
1331 3901 1654 3942 summam
1697 3879 2389 3944 excommunicationis
2432 3879 2505 3942 in
2548 3899 2781 3966 genere
2824 3879 2895 3942 in
2926 3879 3131 3942 omni-

1039 3983 1160 4048 bus
1203 3989 1272 4050 et
1315 3981 1594 4070 singulis
1643 3981 1924 4048 ecclesiis
1972 3981 2265 4068 ejusdem
2292 3983 2493 4062 villae,
2524 3981 2805 4048 candelis
2850 3983 3129 4048 accensis

1039 4091 1106 4152 et
1149 4087 1426 4176 pulsatis
1471 4087 1824 4174 campaniS,
1871 4087 2247 4154 solemniter
2292 4091 2361 4152 et
2412 4087 2667 4176 publice
2734 4087 3127 4176 promulgari

1037 4191 1292 4256 faciatis
1333 4191 1406 4256 in
1451 4213 1672 4256 omnes
1717 4191 1880 4268 11100,
1911 4191 2025 4278 qui
2070 4215 2293 4278 pacem
2340 4191 2643 4258 Ecclesiae
2672 4197 2743 4258 et
2788 4191 3125 4258 Universi-

1039 4295 1198 4360 tatis
1241 4293 1572 4380 praedictae
1615 4295 2095 4380 perturbantes,
2140 4293 2215 4366 in
2260 4293 2511 4362 dictum
2554 4295 2855 4362 clericum
2898 4319 3127 4362 manus

1039 4397 1364 4464 violentas
1407 4397 1790 4484 injecerunt,
1837 4401 1906 4464 et
1950 4397 2119 4462 ictus
2166 4403 2233 4462 et
2276 4401 2501 4484 plagas
2566 4401 2875 4464 mortales
2918 4401 3121 4464 eidem

1041 4501 1424 4578 intulerunt,
1469 4523 1546 4566 ac
1591 4521 1796 4588 opem,
1843 4501 2199 4578 consilium,
2248 4501 2553 4580 favorem,
2600 4507 2717 4568 aut
2748 4525 3123 4570 consensum

1041 4609 1176 4670 tam
1247 4605 1526 4670 enormis
1601 4605 1758 4670 faeti
1823 4605 2293 4692 perpetrationi
2362 4605 2861 4692 impenderunt3
2952 4611 3127 4692 post-

1041 4711 1306 4778 modum
1395 4731 1548 4774 vero
1613 4709 1959 4796 assumptis
2048 4707 2385 4776 vobiscum
2472 4709 2631 4776 viris
2698 4707 2989 4776 discretis
3054 4729 3127 4770 ac
