3875 5734
1617 821 1975 876 EPISTOLAE·
2718 823 2847 884 209

751 997 1010 1066 ecclesia
1055 999 1440 1088 amputandi
1485 1005 1694 1066 sunt?
1799 999 1914 1066 Voe
1958 999 2149 1068 eml‘m
2194 999 2465 1068 homini
2484 1023 2613 1086 peu
2652 1023 2743 1088 qu
2736 1023 2849 1068 em
2870 1013 2923 1064 S
2946 1017 3095 1070 Matt.

751 1103 1156 1172 scandalum
1207 1103 1406 1172 venit.
1475 1103 1836 1194 Apostolus
1881 1103 2127 1170 Paulus
2176 1107 2271 1168 ait
2318 1107 2401 1170 ad
2450 1105 2847 1186 Corinthios,
2870 1082 3013 1130 '¹¹¹5
3048 1089 3093 1138 ⁷·

753 1209 968 1298 Quapv
971 1215 1166 1298 opte‘r
1223 1233 1290 1276 se
1363 1231 1506 1276 esca
1581 1205 2013 1274 scandalizat
2042 1207 2347 1296 fratrem
2392 1231 2637 1286 meum,
2700 1231 2847 1272 ‘non
2872 1223 2893 1266 1
2926 1219 3039 1274 cor
3060 1223 3165 1280 viii.

751 1313 1166 1382 manducabo
1227 1335 1504 1380 carnem
1565 1311 1650 1380 in
1709 1319 2061 1392 oeternum,
2124 1335 2213 1380 ‘nc
2256 1311 2329 1398 fi
2328 1317 2453 1378 atr·
2454 1335 2559 1378 cm
2608 1335 2843 1380 meum
2870 1291 2945 1336 ¹3·

749 1419 1212 1488 scandalizem.
1337 1419 1554 1500 Quare
1625 1417 1834 1504 igitur
1907 1439 2047 1482 non
2118 1417 2343 1504 magis,
2420 1419 2537 1480 aut
2610 1417 2841 1482 saltem

751 1525 1098 1610 aequaliter,
1145 1525 1364 1590 dicant
1435 1521 1628 1588 hodie
1693 1521 1967 1608 praelati,
2018 1521 2093 1586 Si
2158 1519 2517 1608 implicatio
2576 1541 2719 1584 mea
2770 1521 2841 1584 in

743 1629 1000 1716 judiciis
1055 1627 1448 1692 secularibus
1511 1623 1914 1692 scandalizet
1962 1623 2245 1704 fratrem,
2296 1647 2431 1688 non
2492 1623 2837 1710 implicabo

749 1755 850 1796 me
909 1731 1008 1796 his
1051 1731 1124 1796 in
1167 1735 1532 1798 aeternum?
1619 1729 1764 1794 Imo
1811 1733 2001 1794 tanto
2062 1729 2267 1816 magis
2314 1731 2411 1794 est
2456 1727 2575 1794 hoc
2620 1729 2841 1794 dicen-

749 1837 920 1916 dum,
967 1839 1212 1920 quanto
1255 1837 1468 1902 victus
1517 1839 1616 1900 est
1685 1833 1892 1920 magis
1960 1835 2361 1900 necessarius
2406 1833 2831 1900 ventilatione

749 1961 1094 2004 causarum.
1185 1937 1430 2004 Praeter
1495 1939 1634 2004 haec
1699 1939 1967 2004 abbates
2034 1961 2169 2004 non
2234 1939 2445 2004 solum
2508 1939 2703 2004 semel
2762 1939 2833 2004 in

751 2041 1128 2130 professione
1175 2063 1308 2124 sua,
1353 2043 1466 2108 sed
1511 2047 1580 2108 et
1625 2041 1906 2106 secundo
1952 2043 2025 2106 in
2070 2043 2541 2122 benedictione,
2588 2049 2835 2110 vovent

751 2145 1094 2212 solenniter
1157 2169 1224 2212 se
1285 2145 1738 2214 observaturos
1805 2147 2097 2232 regulam
2162 2169 2355 2234 quam
2420 2147 2829 2236 profitentur.

753 2249 834 2314 In
899 2251 1118 2336 regula
1185 2255 1406 2316 autem
1473 2251 1652 2316 beati
1717 2251 2057 2316 Benedicti
2122 2253 2431 2316 scribitur
2472 2253 2649 2338 quod
2692 2275 2827 2318 mo·
2850 2253 3045 2320 Regula
3068 2257 3117 2312 S

753 2353 990 2418 naehus
1049 2375 1116 2418 se
1161 2355 1420 2420 debet‘
1403 2361 1440 2388 “
1463 2379 1502 2420 a
1547 2355 1742 2420 seculi
1787 2355 2041 2418 actibus
2084 2355 2295 2420 faeere
2340 2355 2643 2438 alienum,
2650 2355 2683 2382 ''
2758 2363 2827 2424 et
2848 2319 3153 2452 &aegregio-

751 2457 920 2544 quod
967 2463 1002 2492 ‘⁶
1021 2457 1222 2522 abbas
1265 2459 1438 2522 vices
1485 2457 1730 2524 Christi
1793 2457 1934 2544 agit
1976 2459 2049 2522 in
2090 2457 2539 2524 monasteri0.”
2630 2459 2827 2526 Secu·
2848 2469 2923 2520 Ib.
2946 2485 3053 2536 cap
3078 2473 3131 2526 ii

755 2561 910 2626 laria
953 2565 1172 2628 autem
1209 2561 1460 2650 judicia
1489 2561 1632 2648 quis
1663 2561 1926 2628 dubitat
1976 2583 2113 2626 esse
2164 2561 2243 2626 de
2290 2563 2543 2628 actibus
2588 2565 2829 2630 seculi?

755 2665 842 2732 Et
881 2667 938 2730 si
979 2667 1148 2732 vices
1197 2667 1440 2732 Christi
1503 2665 1640 2752 agit
1707 2667 1778 2730 in
1839 2665 2245 2740 monasterie,
2296 2665 2613 2752 quomodo
2652 2667 2829 2752 judi-

759 2771 926 2836 cabit
967 2771 1048 2836 de
1091 2769 1588 2836 haereditatibus
1655 2775 1724 2834 et
1789 2769 2163 2852 hujusmodi
2222 2769 2633 2846 secularibus
2682 2793 2829 2836 cum

759 2873 1052 2940 Christus
1127 2869 1382 2940 cuidam
1445 2873 1526 2938 de
1599 2873 1796 2938 turba
1871 2871 2127 2958 petenti
2204 2871 2513 2956 quatinus
2588 2871 2833 2940 diceret

751 2977 932 3042 fratri
991 2999 1106 3042 suo
1175 2983 1252 3042 ut
1317 2977 1640 3042 divideret
1709 2997 1922 3040 secum
1968 2973 2437 3054 haereditatem,
2498 2975 2831 3060 respondit

755 3081 980 3160 dicenS,
1031 3081 1270 3162 Homo,
1321 3081 1478 3168 quis
1545 3101 1652 3144 mc
1699 3077 2049 3146 constituit
2100 3075 2407 3164 judicem
2454 3085 2577 3144 caut
2646 3079 2829 3146 divi·
2850 3073 3047 3192 ISZLUC·
3068 3079 3157 3132 xii,

753 3207 958 3252 sorem
999 3207 1202 3272 super
1259 3189 1412 3250 vos?
1501 3185 1588 3250 In
1637 3183 1774 3248 ‘hoe
1839 3183 2181 3248 manifeste
2244 3181 2409 3246 dans
2454 3183 2827 3270 exemplum
2914 3179 2929 3194 ⁶

755 3291 904 3354 viris
971 3289 1408 3354 ecclesiasticis
1457 3291 1522 3352 et
1589 3287 1908 3374 praecipue
1972 3285 2303 3372 religiosis,
2350 3291 2429 3350 ut
2454 3285 2473 3322 ¹
2522 3287 2831 3352 secularia

755 3415 880 3458 non
935 3397 1336 3480 pertractent
1367 3391 1634 3478 judicia.
1667 3391 1672 3394 ’
1727 3389 1882 3456 Voti
1929 3389 2133 3478 igitur
2184 3395 2715 3478 transgressorem
2762 3413 2831 3456 se

755 3495 1090 3562 constituit
1149 3497 1254 3560 vir
1313 3495 1670 3582 religiosum
1719 3493 1774 3558 si
1843 3495 2131 3558 excurrit
2194 3495 2265 3558 in
2324 3495 2495 3572 talia,
2544 3495 2829 3558 maxime

755 3621 880 3662 non
947 3597 1322 3678 incidenter,
1385 3599 1498 3662 sed
1567 3619 1652 3660 ex
1715 3597 2181 3662 deliberatione
2246 3603 2541 3684 suscepto
2606 3597 2827 3680 hujus-

753 3701 922 3766 modi
965 3703 1358 3786 potestativo
1421 3699 1642 3766 officio,
1733 3699 2027 3766 Abbates
2094 3723 2243 3786 ergo
2280 3699 2619 3786 justitiarii
2682 3699 2827 3762 reli-

749 3803 952 3888 gionis
1015 3805 1466 3870 excellentiam
1531 3801 1820 3868 reddunt
1861 3803 2061 3870 vilem
2124 3809 2193 3868 et
2256 3803 2823 3888 contemptibilem,

753 3905 1038 3970 Racheh's
1081 3911 1496 3972 venustatem
1559 3911 1951 3972 convertunt
2008 3907 2083 3968 in
2148 3905 2285 3970 Liae
2346 3907 2823 3992 lippitudinem,

749 4007 966 4072 falcem
1037 4009 1322 4074 mittunt
1409 4011 1482 4074 in
1557 4009 1834 4074 alienam
1901 4029 2193 4088 messem,
2256 4015 2325 4074 et
2396 4009 2827 4094 transferunt
2844 4023 2961 4074 σοι).
2986 4025 3127 4078 xxiv.

751 4109 1078 4188 tevminos‘,
1127 4133 1286 4198 quos
1331 4117 1550 4198 patres
1595 4113 1700 4176 sui
1759 4115 2127 4198 posuerunt,
2176 4113 2383 4176 lucem
2430 4119 2823 4180 convertunt
2844 4095 2891 4140 ²·

749 4215 818 4278 in
857 4215 1170 4296 tenebras,
1219 4221 1286 4280 et
1331 4221 1530 4302 caput
1591 4215 1664 4280 in
1733 4215 2019 4296 caudam,
2070 4221 2133 4280 et
2202 4217 2373 4302 quod
2420 4239 2679 4282 sursum
2724 4225 2823 4284 est

749 4317 816 4380 in
877 4317 1194 4398 deorsum,
1241 4341 1458 4382 rerum
1509 4319 1808 4386 ordinem
1849 4319 2327 4404 perturbantes
2384 4321 2825 4386 sacerdotibus

751 4421 1098 4506 gentilibus
1161 4421 1692 4510 impudentiores,
1739 4421 2019 4488 ecclesiae
2086 4423 2485 4502 scandalum„
2590 4425 2681 4488 Et
2742 4447 2825 4488 ne

751 4547 892 4614 pars
981 4527 1228 4592 sincera
1275 4527 1620 4608 trahatur,
1695 4527 2061 4590 membrum
2152 4527 2453 4590 districto
2530 4529 2829 4590 examine

1563 4745 1578 4776 ¹
1613 4745 1694 4812 ut]
1733 4751 1796 4806 et,
1817 4743 2001 4798 C.C.C.
