3875 5734
1043 763 1170 828 220
1687 779 1981 832 ROBERTI
2026 783 2483 834 Gnossnrnsrss

1043 969 1078 996 ‘³
1123 961 1432 1030 munione
1521 961 1814 1030 fidelium
1889 963 2295 1030 decernimus
2386 961 2861 1050 segregandos.''
2952 965 3109 1032 Cum

1037 1069 1244 1158 igitur
1289 1070 1530 1136 clerum
1575 1069 1920 1158 dijudicari
1968 1093 2007 1134 a
2050 1069 2265 1136 laicali
2300 1067 2537 1158 judice,
2606 1071 2743 1134 tam
2790 1069 3111 1138 evidenter

1039 1175 1262 1242 obviet
1329 1197 1522 1242 sacrae
1591 1175 1945 1264 Scripturae
2004 1179 2075 1242 et
2148 1175 2367 1242 ordini
2442 1177 2717 1254 naturae,
2790 1173 2971 1240 bonis
3042 1181 3107 1242 et

1037 1281 1328 1348 honestis
1375 1281 1678 1362 moribuS,
1727 1284 1926 1368 atque
1996 1281 2319 1348 canonicis
2384 1277 2925 1362 institutionibu8‚
2968 1285 3107 1346 tan-

1037 1389 1254 1474 tisque
1317 1391 1386 1454 et
1451 1393 1556 1454 tot
1631 1389 1718 1454 sit
1777 1387 2217 1454 deformatum
2276 1383 2901 1464 inconvenientibus,
2976 1387 3109 1474 quis

1043 1493 1310 1560 dubitat
1379 1499 1448 1560 et
1509 1495 1754 1560 clerum
1819 1515 2099 1582 peccare,
2148 1491 2379 1558 matris
2434 1515 2571 1560 suae
2614 1491 2981 1558 libertatem
3024 1491 3109 1560 sic

1041 1599 1370 1680 violando,
1429 1605 1498 1666 et
1559 1603 1918 1686 potestates
1968 1599 2279 1664 seculares
2328 1599 2411 1662 ad
2456 1599 2619 1662 talia
2682 1597 3105 1686 compellendo

1041 1705 1334 1794 taliaque
1397 1705 1522 1774 sibi
1585 1705 1979 1794 usurpandO,
2028 1709 2097 1772 et
2156 1705 2459 1794 praelatos
2518 1703 2621 1770 his
2668 1707 2735 1770 et
2778 1703 3105 1770 consimili-

1041 1811 1166 1876 bus
1209 1833 1328 1898 pro
1371 1811 1676 1876 libertate
1721 1809 2003 1876 ecclesiae
2046 1833 2115 1876 se
2160 1833 2297 1876 non
2344 1811 2773 1898 opponendo?

707 1929 1022 2012 [rheseeular
1133 1917 1390 1982 Iterum
1441 1915 1796 2004 supradicti
1831 1915 2085 2002 judices
2128 1915 2429 1996 forenses,
2476 1921 2815 2004 peccatum
2858 1921 3107 2004 peccato

701 1997 1006 2118 ζξὲξξὸὃξέᾱ
1043 2021 1412 2100 adicientes»,
1463 2025 1530 2086 et
1593 2021 1754 2088 fines
1817 2021 2101 2088 ecclesiae
2164 2021 2571 2102 invadente&
2620 2027 2935 2112 usurpant
2990 2023 3109 2090 sihi

705 2135 772 2214 in·
791 2137 950 2214 qeterj
1031 2125 1442 2216 judicialiter
1485 2127 1918 2192 determinare
1968 2127 2045 2192 de
2096 2127 2395 2216 pluribus
2464 2127 2671 2194 causis
2736 2133 2805 2194 et
2868 2133 3111 2194 contro-

703 2217 980 2324 ffgfft'fgulm
1041 2231 1272 2298 versiis
1317 2235 1540 2298 utrum
1605 2231 1736 2298 illae
1801 2233 2175 2322 pertineant
2222 2233 2307 2300 ad
2348 2231 2565 2298 forum
2630 2233 3107 2300 ecclesiasticum

707 2355 844 2392 cases
867 2343 1002 2392 whe-
1039 2337 1148 2402 vel
1191 2337 1404 2402 forum
1449 2337 1692 2418 laicale,
1739 2361 1888 2404 cum
1931 2337 2055 2404 hoc
2100 2361 2513 2424 nequaquam
2558 2339 2647 2406 sit
2688 2338 2959 2418 illorum,
3004 2341 3111 2406 sed

703 2409 962 2546 ζιζῗέῃῒὲἶζ
1041 2445 1262 2532 potius
1297 2443 1598 2532 judicum
1643 2441 2239 2526 ecclesiasticorum,
2272 2443 2429 2530 quia
2474 2443 2635 2532 quid
2678 2445 2763 2510 sit
2808 2445 3111 2510 ecclesias-

703 2547 798 2628 the·
815 2547 1020 2598 ecclesi·
1041 2551 1250 2618 ticum
1289 2551 1400 2616 vel
1443 2549 1604 2638 quid
1647 2571 1796 2630 non,
1835 2571 1973 2616 non
2000 2553 2219 2638 potest
2250 2549 2681 2616 determinare
2716 2549 2919 2636 judex
2946 2571 3111 2616 secu-

703 2619 968 2750 ῗέζγιῖῗῑιξιῖ.
1041 2655 1218 2736 10113,
1265 2679 1414 2724 eum
1459 2655 1596 2744 ejus
1641 2659 1928 2744 potestas
1980 2655 2333 2744 judiciaria
2376 2679 2511 2720 non
2576 2679 2643 2720 se
2694 2655 3001 2720 extendat
3038 2655 3109 2718 in

703 2753 828 2804 '³²¹⁸-
1043 2763 1490 2830 ecclesiastica.
1559 2761 1856 2826 Potestas
1895 2783 2053 2826 vero
2074 2759 2427 2846 judiciaria
2454 2759 2695 2848 judicis
2724 2759 3111 2826 ecclesiastici

1043 2869 1366 2934 extendat
1409 2889 1476 2932 se
1519 2867 1722 2934 etiarn
1743 2863 1764 2904 ¹
1811 2867 1884 2932 in
1929 2865 2259 2946 secularia,
2310 2889 2475 2948 cum,
2524 2871 2603 2934 ut
2646 2889 2837 2956 supra
2878 2867 3111 2934 dictum

1041 2979 1160 3054 est,
1209 2995 1400 3040 omne
1435 2971 1760 3060 judicium
1803 2993 1920 3060 per
1966 2973 2427 3038 auctoritatem
2490 2977 2559 3038 et
2602 2993 2719 3060 per
2760 2971 3111 3038 doctrinam

1039 3079 1130 3144 sit
1171 3077 1470 3152 ecclesiae,
1517 3075 1670 3144 licet
1701 3099 1836 3144 non
1865 3099 2055 3144 omne
2100 3099 2217 3166 per
2252 3077 2705 3144 ministerium.
2796 3077 2865 3144 Is
2904 3079 3111 3168 igitur,

1039 3183 1224 3271 cujus
1269 3188 1562 3274 potestas
1607 3183 1826 3270 aliquo
1871 3183 2067 3250 modo
2120 3183 2427 3250 extendit
2492 3207 2559 3250 se
2622 3183 2693 3248 in
2756 3189 3111 3270 utrumque,

1037 3311 1158 3354 nec
1199 3289 1256 3354 is
1301 3287 1484 3374 cujus
1527 3291 1820 3378 potestas
1887 3289 2187 3354 extendit
2256 3311 2325 3354 36
2386 3293 2649 3354 tantum
2714 3291 2783 3354 in
2850 3287 3113 3354 alterum

1041 3397 1110 3458 et
1153 3393 1388 3474 minus,
1427 3393 1754 3480 judicabit
1797 3399 2169 3480 utrumque.
2262 3393 2401 3460 Nec
2448 3393 2575 3462 erit
2624 3397 2907 3482 potestas
2950 3417 3111 3462 secu-

707 3509 758 3562 S.
775 3509 898 3560 Luc.
917 3507 1010 3558 xii.
1037 3497 1196 3564 laris
1231 3497 1448 3584 judex
1491 3505 1550 3564 et
1597 3497 1862 3564 cli-visor
1903 3499 2083 3564 inter
2128 3499 2459 3564 ecclesiam
2526 3503 2595 3564 et
2656 3501 2949 3580 seculum,
3008 3501 3115 3564 sed

709 3583 786 3630 ¹4⁰
1027 3603 1238 3690 judex
1283 3603 1746 3670 ecclesiasticus
1791 3605 1906 3692 qui
1952 3609 2187 3694 praeest
2234 3603 2511 3672 ecclesiae
2544 3609 2613 3670 et
2646 3605 2869 3672 seculo.
2958 3605 3115 3672 Pure

1035 3731 1318 3796 namque
1363 3709 1674 3774 secula-ria
1719 3733 1760 3774 a
1803 3711 1959 3774 solis
2020 3711 2413 3776 secula-ribus
2476 3709 2907 3798 potesta-tibus
2970 3715 3117 3774 sunt

1029 3813 1404 3902 judicanda,
1453 3815 1624 3882 sicut
1667 3813 1752 3880 ab
1787 3815 2235 3882 ecclesiasticis
2262 3813 2413 3882 solis
2442 3813 2911 3894 ecclesiastica3
2952 3815 3117 3882 inter

1039 3919 1372 3986 ecclesiam
1435 3943 1592 3986 vero
1637 3923 1706 3986 et
1773 3921 2061 3986 seculum
2106 3925 2341 4008 utpote
2406 3943 2555 3986 cum
2622 3921 3009 4008 disceptatur
3048 3925 3115 3984 et

1041 4025 1388 4092 dubitatur
1431 4025 1514 4092 de
1557 4025 1796 4112 alique,
1843 4031 2073 4092 utrum
2126 4025 2217 4092 sit
2262 4025 2543 4092 ecclesiae
2588 4031 2707 4090 aut
2750 4027 2941 4092 seculi
2984 4025 3115 4112 ejus

1043 4131 1334 4218 cognitio
1379 4135 1448 4196 et
1485 4131 1826 4217 judicium,
1863 4131 2085 4218 potius
2130 4129 2529 4216 dijudicabit
2556 4131 2845 4218 superior
2886 4153 3073 4218 quam
3090 4131 3115 4166 2

1039 4235 1324 4314 inferior,
1395 4235 1752 4324 sapientior
1813 4257 2015 4322 quam
2082 4235 2337 4302 viribus
2402 4235 2751 4322 potentior,
2820 4233 3117 4324 spiritalis

1043 4361 1242 4426 quam
1285 4339 1628 4420 animalis3
1671 4341 2037 4426 praesertim
2082 4363 2235 4404 eum
2276 4339 2349 4404 in
2414 4337 2921 4404 Deuteronomio
2964 4359 3121 4426 prae-

701 4453 854 4506 Deut.
871 4451 998 4504 xvii.
1043 4447 1304 4532 ceptum
1349 4443 1454 4522 sit,
1491 4441 1850 4530 judicium
1895 4441 2173 4530 difficile
2216 4449 2277 4508 et
2320 4441 2727 4530 ambiyuum
2784 4443 2877 4508 ad
2918 4463 3119 4508 sacer-

699 4527 748 4586 8’
773 4527 818 4574 9·
1045 4547 1262 4616 dotem
1305 4545 1596 4614 Levitioi
1639 4545 1904 4634 gyeneris
1950 4553 2009 4614 et
2052 4547 2147 4614 ad
2202 4545 2469 4634 judices
2514 4545 2637 4634 qui
2688 4545 2963 4634 fuerint
3004 4545 3121 4614 mo

1113 4877 1128 4908 ¹
1157 4875 1328 4942 etiam]
1369 4889 1466 4928 om.
1489 4873 1672 4926 0.0.C.
2090 4871 2101 4940 1
2212 4873 2235 4902 ²
2268 4873 2447 4926 C.c.c.
2472 4879 2663 4938 repeats
2682 4889 2841 4938 quam.
