<?xml version="1.0" encoding="UTF-8"?>
<!DOCTYPE html PUBLIC "-//W3C//DTD XHTML 1.0 Transitional//EN"
    "http://www.w3.org/TR/xhtml1/DTD/xhtml1-transitional.dtd">
<html xmlns="http://www.w3.org/1999/xhtml" xml:lang="en" lang="en">
 <head>
  <title>
</title>
<meta http-equiv="Content-Type" content="text/html;charset=utf-8" />
  <meta name='ocr-system' content='tesseract 3.04.00' />
  <meta name='ocr-capabilities' content='ocr_page ocr_carea ocr_par ocr_line ocrx_word'/>
</head>
<body>
  <div class='ocr_page' id='page_1' title='image "./robertigrossete01luargoog_0402.png"; bbox 0 0 3875 5734; ppageno 0'>
   <div class='ocr_carea' id='block_1_1' title="bbox 1113 849 2553 912">
    <p class='ocr_par' dir='ltr' id='par_1_1' title="bbox 1113 849 2553 912">
     <span class='ocr_line' id='line_1_1' title="bbox 1113 849 2553 912; baseline 0.003 -4"><span class='ocrx_word' id='word_1_1' title='bbox 1113 849 1244 912; x_wconf 79' lang='lat'>262</span> <span class='ocrx_word' id='word_1_2' title='bbox 1759 861 2053 912; x_wconf 77' lang='lat' dir='ltr'>ROBERTI</span> <span class='ocrx_word' id='word_1_3' title='bbox 2100 861 2553 912; x_wconf 73' lang='lat' dir='ltr'>onossnrnsrn</span> 
     </span>
    </p>
   </div>
   <div class='ocr_carea' id='block_1_2' title="bbox 1980 1173 2325 1242">
    <p class='ocr_par' dir='ltr' id='par_1_2' title="bbox 1980 1173 2325 1242">
     <span class='ocr_line' id='line_1_2' title="bbox 1980 1173 2325 1242; baseline -0.006 0"><span class='ocrx_word' id='word_1_4' title='bbox 1980 1173 2325 1242; x_wconf 86' lang='lat' dir='ltr'>LXXXII.</span> 
     </span>
    </p>
   </div>
   <div class='ocr_carea' id='block_1_3' title="bbox 855 1335 3181 1920">
    <p class='ocr_par' dir='ltr' id='par_1_3' title="bbox 855 1335 3181 1920">
     <span class='ocr_line' id='line_1_3' title="bbox 855 1335 3181 1426; baseline 0.004 -30"><span class='ocrx_word' id='word_1_5' title='bbox 855 1347 994 1398; x_wconf 78' lang='lat'><strong>1239.</strong></span> <span class='ocrx_word' id='word_1_6' title='bbox 1115 1335 1496 1408; x_wconf 60' lang='lat' dir='ltr'>Reverendo</span> <span class='ocrx_word' id='word_1_7' title='bbox 1535 1337 1734 1426; x_wconf 65' lang='lat' dir='ltr'>patri</span> <span class='ocrx_word' id='word_1_8' title='bbox 1773 1337 1862 1406; x_wconf 62' lang='lat' dir='ltr'>im</span> <span class='ocrx_word' id='word_1_9' title='bbox 1907 1337 2163 1408; x_wconf 58' lang='lat' dir='ltr'>Christo</span> <span class='ocrx_word' id='word_1_10' title='bbox 2208 1335 2473 1420; x_wconf 65' lang='lat' dir='ltr'>Othoni,</span> <span class='ocrx_word' id='word_1_11' title='bbox 2518 1335 2651 1404; x_wconf 70' lang='lat' dir='ltr'>Dei</span> <span class='ocrx_word' id='word_1_12' title='bbox 2688 1337 2919 1424; x_wconf 60' lang='lat' dir='ltr'>matta</span> <span class='ocrx_word' id='word_1_13' title='bbox 2944 1335 3181 1408; x_wconf 71' lang='lat' dir='ltr'>Sancti</span> 
     </span>
     <span class='ocr_line' id='line_1_4' title="bbox 1291 1439 3175 1522; baseline 0 -14"><span class='ocrx_word' id='word_1_14' title='bbox 1291 1441 1368 1508; x_wconf 89' lang='lat' dir='ltr'><em>N</em></span> <span class='ocrx_word' id='word_1_15' title='bbox 1361 1441 1612 1510; x_wconf 52' lang='lat' dir='ltr'>{oholai</span> <span class='ocrx_word' id='word_1_16' title='bbox 1673 1443 1760 1510; x_wconf 63' lang='lat' dir='ltr'>im,</span> <span class='ocrx_word' id='word_1_17' title='bbox 1805 1443 2077 1512; x_wconf 66' lang='lat' dir='ltr'>Carcere</span> <span class='ocrx_word' id='word_1_18' title='bbox 2126 1441 2445 1508; x_wconf 69' lang='lat' dir='ltr'>Tulliano</span> <span class='ocrx_word' id='word_1_19' title='bbox 2492 1439 2781 1510; x_wconf 69' lang='lat' dir='ltr'>diacono</span> <span class='ocrx_word' id='word_1_20' title='bbox 2820 1441 3175 1522; x_wconf 66' lang='lat' dir='ltr'>cardinali,</span> 
     </span>
     <span class='ocr_line' id='line_1_5' title="bbox 1291 1543 3177 1632; baseline 0 -20"><span class='ocrx_word' id='word_1_21' title='bbox 1291 1545 1692 1632; x_wconf 72' lang='lat' dir='ltr'>Apostolicae</span> <span class='ocrx_word' id='word_1_22' title='bbox 1775 1545 1949 1612; x_wconf 69' lang='lat' dir='ltr'>sedis</span> <span class='ocrx_word' id='word_1_23' title='bbox 2044 1545 2269 1632; x_wconf 67' lang='lat' dir='ltr'>layaw,</span> <span class='ocrx_word' id='word_1_24' title='bbox 2342 1543 2681 1624; x_wconf 57' lang='lat' dir='ltr'>Rebar-tue,</span> <span class='ocrx_word' id='word_1_25' title='bbox 2756 1545 3177 1612; x_wconf 64' lang='lat' dir='ltr'>‘miseratione</span> 
     </span>
     <span class='ocr_line' id='line_1_6' title="bbox 1293 1647 3179 1728; baseline -0.001 -12"><span class='ocrx_word' id='word_1_26' title='bbox 1293 1647 1544 1716; x_wconf 71' lang='lat' dir='ltr'>divina</span> <span class='ocrx_word' id='word_1_27' title='bbox 1601 1647 2107 1716; x_wconf 70' lang='lat' dir='ltr'>Limolniensis</span> <span class='ocrx_word' id='word_1_28' title='bbox 2168 1647 2441 1716; x_wconf 70' lang='lat' dir='ltr'>eccleeioe</span> <span class='ocrx_word' id='word_1_29' title='bbox 2502 1647 2819 1716; x_wconf 64' lang='lat' dir='ltr'>mimetcr</span> <span class='ocrx_word' id='word_1_30' title='bbox 2884 1647 3179 1728; x_wconf 62' lang='lat' dir='ltr'>humilia</span> 
     </span>
     <span class='ocr_line' id='line_1_7' title="bbox 1291 1749 3179 1838; baseline 0 -20"><span class='ocrx_word' id='word_1_31' title='bbox 1291 1751 1592 1832; x_wconf 73' lang='lat' dir='ltr'>salutem,</span> <span class='ocrx_word' id='word_1_32' title='bbox 1651 1759 1710 1818; x_wconf 80' lang='lat' dir='ltr'>et</span> <span class='ocrx_word' id='word_1_33' title='bbox 1771 1773 1983 1838; x_wconf 76' lang='lat' dir='ltr'>quam</span> <span class='ocrx_word' id='word_1_34' title='bbox 2046 1749 2339 1818; x_wconf 74' lang='lat' dir='ltr'>debitam</span> <span class='ocrx_word' id='word_1_35' title='bbox 2404 1757 2547 1818; x_wconf 73' lang='lat' dir='ltr'>tam</span> <span class='ocrx_word' id='word_1_36' title='bbox 2608 1749 2907 1818; x_wconf 75' lang='lat' dir='ltr'>devotam</span> <span class='ocrx_word' id='word_1_37' title='bbox 2970 1749 3179 1818; x_wconf 73' lang='lat' dir='ltr'>obedi-</span> 
     </span>
     <span class='ocr_line' id='line_1_8' title="bbox 1291 1851 2155 1920; baseline 0 0"><span class='ocrx_word' id='word_1_38' title='bbox 1291 1853 1552 1920; x_wconf 71' lang='lat' dir='ltr'>entiam</span> <span class='ocrx_word' id='word_1_39' title='bbox 1593 1859 1656 1920; x_wconf 79' lang='lat' dir='ltr'>et</span> <span class='ocrx_word' id='word_1_40' title='bbox 1695 1851 2155 1920; x_wconf 70' lang='lat' dir='ltr'>reverentiam.</span> 
     </span>
    </p>
   </div>
   <div class='ocr_carea' id='block_1_4' title="bbox 775 2007 3181 3126">
    <p class='ocr_par' dir='ltr' id='par_1_4' title="bbox 775 2007 3181 2814">
     <span class='ocr_line' id='line_1_9' title="bbox 785 2007 3179 2106; baseline -0.003 -26"><span class='ocrx_word' id='word_1_41' title='bbox 785 2027 866 2080; x_wconf 86' lang='lat' dir='ltr'>He</span> <span class='ocrx_word' id='word_1_42' title='bbox 887 2029 1012 2106; x_wconf 52' lang='lat' dir='ltr'>begs</span> <span class='ocrx_word' id='word_1_43' title='bbox 1205 2009 1374 2076; x_wconf 81' lang='lat' dir='ltr'>Cum</span> <span class='ocrx_word' id='word_1_44' title='bbox 1461 2007 1932 2074; x_wconf 86' lang='lat' dir='ltr'>obsistentibus</span> <span class='ocrx_word' id='word_1_45' title='bbox 2022 2009 2511 2096; x_wconf 85' lang='lat' dir='ltr'>impedimentis</span> <span class='ocrx_word' id='word_1_46' title='bbox 2580 2007 2889 2098; x_wconf 82' lang='lat' dir='ltr'>gravibus</span> <span class='ocrx_word' id='word_1_47' title='bbox 2958 2011 3179 2096; x_wconf 83' lang='lat' dir='ltr'>nequit</span> 
     </span>
     <span class='ocr_line' id='line_1_10' title="bbox 783 2095 3179 2214; baseline 0 -36"><span class='ocrx_word' id='word_1_48' title='bbox 783 2095 1070 2214; x_wconf 42' lang='lat'>{2332}</span> <span class='ocrx_word' id='word_1_49' title='bbox 1113 2111 1492 2178; x_wconf 86' lang='lat' dir='ltr'>inferiorum</span> <span class='ocrx_word' id='word_1_50' title='bbox 1577 2109 1989 2178; x_wconf 82' lang='lat' dir='ltr'>imbecillitas</span> <span class='ocrx_word' id='word_1_51' title='bbox 2062 2113 2147 2178; x_wconf 87' lang='lat' dir='ltr'>ad</span> <span class='ocrx_word' id='word_1_52' title='bbox 2220 2113 2523 2180; x_wconf 84' lang='lat' dir='ltr'>effectum</span> <span class='ocrx_word' id='word_1_53' title='bbox 2616 2111 2967 2206; x_wconf 78' lang='lat' dir='ltr'>producere</span> <span class='ocrx_word' id='word_1_54' title='bbox 3038 2133 3179 2198; x_wconf 85' lang='lat' dir='ltr'>quae</span> 
     </span>
     <span class='ocr_line' id='line_1_11' title="bbox 781 2213 3181 2302; baseline 0.001 -24"><span class='ocrx_word' id='word_1_55' title='bbox 781 2229 844 2278; x_wconf 83' lang='lat' dir='ltr'>of</span> <span class='ocrx_word' id='word_1_56' title='bbox 859 2229 1092 2280; x_wconf 78' lang='lat' dir='ltr'>cardinal</span> <span class='ocrx_word' id='word_1_57' title='bbox 1115 2219 1336 2280; x_wconf 88' lang='lat' dir='ltr'>tamen</span> <span class='ocrx_word' id='word_1_58' title='bbox 1383 2235 1466 2280; x_wconf 77' lang='lat' dir='ltr'>ex</span> <span class='ocrx_word' id='word_1_59' title='bbox 1511 2213 1700 2280; x_wconf 90' lang='lat' dir='ltr'>officii</span> <span class='ocrx_word' id='word_1_60' title='bbox 1775 2215 1999 2280; x_wconf 86' lang='lat' dir='ltr'>debito</span> <span class='ocrx_word' id='word_1_61' title='bbox 2070 2217 2385 2280; x_wconf 87' lang='lat' dir='ltr'>tenentur</span> <span class='ocrx_word' id='word_1_62' title='bbox 2456 2215 2787 2302; x_wconf 89' lang='lat' dir='ltr'>complere,</span> <span class='ocrx_word' id='word_1_63' title='bbox 2864 2213 3021 2302; x_wconf 87' lang='lat' dir='ltr'>quid</span> <span class='ocrx_word' id='word_1_64' title='bbox 3090 2217 3181 2280; x_wconf 85' lang='lat' dir='ltr'>eis</span> 
     </span>
     <span class='ocr_line' id='line_1_12' title="bbox 781 2295 3177 2426; baseline 0 -44"><span class='ocrx_word' id='word_1_65' title='bbox 781 2295 976 2426; x_wconf 48' lang='lat' dir='ltr'>ggtaltlissast</span> <span class='ocrx_word' id='word_1_66' title='bbox 991 2361 1076 2412; x_wconf 80' lang='lat' dir='ltr'>the</span> <span class='ocrx_word' id='word_1_67' title='bbox 1111 2321 1320 2382; x_wconf 87' lang='lat' dir='ltr'>restat</span> <span class='ocrx_word' id='word_1_68' title='bbox 1361 2317 1720 2382; x_wconf 87' lang='lat' dir='ltr'>remedium</span> <span class='ocrx_word' id='word_1_69' title='bbox 1763 2317 1894 2382; x_wconf 79' lang='lat' dir='ltr'>nisi</span> <span class='ocrx_word' id='word_1_70' title='bbox 1950 2317 2041 2384; x_wconf 84' lang='lat' dir='ltr'>ad</span> <span class='ocrx_word' id='word_1_71' title='bbox 2106 2319 2463 2406; x_wconf 73' lang='lat' dir='ltr'><strong>superiores</strong></span> <span class='ocrx_word' id='word_1_72' title='bbox 2528 2321 2899 2382; x_wconf 68' lang='lat' dir='ltr'>recurrere?</span> <span class='ocrx_word' id='word_1_73' title='bbox 2968 2319 3043 2382; x_wconf 89' lang='lat' dir='ltr'>ut</span> <span class='ocrx_word' id='word_1_74' title='bbox 3102 2311 3177 2382; x_wconf 86' lang='lat' dir='ltr'>de</span> 
     </span>
     <span class='ocr_line' id='line_1_13' title="bbox 783 2417 3177 2508; baseline 0.003 -31"><span class='ocrx_word' id='word_1_75' title='bbox 783 2431 936 2478; x_wconf 83' lang='lat' dir='ltr'>abbat</span> <span class='ocrx_word' id='word_1_76' title='bbox 957 2429 1020 2478; x_wconf 85' lang='lat' dir='ltr'>of</span> <span class='ocrx_word' id='word_1_77' title='bbox 1115 2419 1450 2484; x_wconf 85' lang='lat' dir='ltr'>affluentia</span> <span class='ocrx_word' id='word_1_78' title='bbox 1535 2419 1800 2506; x_wconf 86' lang='lat' dir='ltr'>majoris</span> <span class='ocrx_word' id='word_1_79' title='bbox 1887 2421 2235 2508; x_wconf 85' lang='lat' dir='ltr'>potestatis</span> <span class='ocrx_word' id='word_1_80' title='bbox 2322 2421 2619 2508; x_wconf 83' lang='lat' dir='ltr'>vigorem</span> <span class='ocrx_word' id='word_1_81' title='bbox 2706 2417 2979 2506; x_wconf 82' lang='lat' dir='ltr'>capiant,</span> <span class='ocrx_word' id='word_1_82' title='bbox 3054 2441 3177 2506; x_wconf 88' lang='lat' dir='ltr'>quo</span> 
     </span>
     <span class='ocr_line' id='line_1_14' title="bbox 779 2493 3177 2628; baseline -0.001 -40"><span class='ocrx_word' id='word_1_83' title='bbox 779 2493 1042 2628; x_wconf 43' lang='grc' dir='ltr'>ἓξὲξ</span> <span class='ocrx_word' id='word_1_84' title='bbox 1113 2523 1450 2590; x_wconf 88' lang='lat' dir='ltr'>fortificati</span> <span class='ocrx_word' id='word_1_85' title='bbox 1493 2527 1562 2590; x_wconf 91' lang='lat' dir='ltr'>et</span> <span class='ocrx_word' id='word_1_86' title='bbox 1603 2521 1894 2588; x_wconf 85' lang='lat' dir='ltr'>roborati</span> <span class='ocrx_word' id='word_1_87' title='bbox 1937 2523 2307 2610; x_wconf 88' lang='lat' dir='ltr'>compleant</span> <span class='ocrx_word' id='word_1_88' title='bbox 2372 2545 2517 2610; x_wconf 87' lang='lat' dir='ltr'>quae</span> <span class='ocrx_word' id='word_1_89' title='bbox 2586 2521 2727 2586; x_wconf 86' lang='lat' dir='ltr'>sine</span> <span class='ocrx_word' id='word_1_90' title='bbox 2792 2521 2993 2610; x_wconf 83' lang='lat' dir='ltr'>ipsius</span> <span class='ocrx_word' id='word_1_91' title='bbox 3048 2517 3177 2586; x_wconf 86' lang='lat' dir='ltr'>cor-</span> 
     </span>
     <span class='ocr_line' id='line_1_15' title="bbox 779 2625 3181 2714; baseline -0.002 -22"><span class='ocrx_word' id='word_1_92' title='bbox 779 2629 1016 2708; x_wconf 57' lang='lat' dir='ltr'>{tinemut</span> <span class='ocrx_word' id='word_1_93' title='bbox 1115 2625 1526 2692; x_wconf 86' lang='lat' dir='ltr'>roboratione</span> <span class='ocrx_word' id='word_1_94' title='bbox 1553 2625 1876 2714; x_wconf 86' lang='lat' dir='ltr'>complere</span> <span class='ocrx_word' id='word_1_95' title='bbox 1903 2647 2041 2692; x_wconf 88' lang='lat' dir='ltr'>non</span> <span class='ocrx_word' id='word_1_96' title='bbox 2084 2629 2411 2712; x_wconf 85' lang='lat' dir='ltr'>poterant,</span> <span class='ocrx_word' id='word_1_97' title='bbox 2442 2625 2549 2690; x_wconf 87' lang='lat' dir='ltr'>vel</span> <span class='ocrx_word' id='word_1_98' title='bbox 2592 2629 2671 2690; x_wconf 92' lang='lat' dir='ltr'>ut</span> <span class='ocrx_word' id='word_1_99' title='bbox 2698 2625 2757 2688; x_wconf 89' lang='lat' dir='ltr'>si</span> <span class='ocrx_word' id='word_1_100' title='bbox 2800 2629 2935 2688; x_wconf 87' lang='lat' dir='ltr'>tam</span> <span class='ocrx_word' id='word_1_101' title='bbox 2964 2625 3181 2712; x_wconf 82' lang='lat' dir='ltr'>gravia</span> 
     </span>
     <span class='ocr_line' id='line_1_16' title="bbox 775 2703 3177 2814; baseline -0.001 -18"><span class='ocrx_word' id='word_1_102' title='bbox 775 2703 974 2760; x_wconf 74' lang='lat' dir='ltr'>Jusuce.</span> <span class='ocrx_word' id='word_1_103' title='bbox 1115 2727 1250 2796; x_wconf 86' lang='lat' dir='ltr'>sint</span> <span class='ocrx_word' id='word_1_104' title='bbox 1323 2727 1658 2796; x_wconf 86' lang='lat' dir='ltr'>obstacula</span> <span class='ocrx_word' id='word_1_105' title='bbox 1731 2729 1908 2814; x_wconf 85' lang='lat' dir='ltr'>quod</span> <span class='ocrx_word' id='word_1_106' title='bbox 1998 2749 2115 2794; x_wconf 88' lang='lat' dir='ltr'>nec</span> <span class='ocrx_word' id='word_1_107' title='bbox 2190 2727 2391 2794; x_wconf 88' lang='lat' dir='ltr'>etiam</span> <span class='ocrx_word' id='word_1_108' title='bbox 2478 2727 2571 2796; x_wconf 86' lang='lat' dir='ltr'>sic</span> <span class='ocrx_word' id='word_1_109' title='bbox 2642 2727 2867 2814; x_wconf 79' lang='lat' dir='ltr'>repelli</span> <span class='ocrx_word' id='word_1_110' title='bbox 2930 2733 3177 2814; x_wconf 85' lang='lat' dir='ltr'>queant,</span> 
     </span>
    </p>

    <p class='ocr_par' dir='ltr' id='par_1_5' title="bbox 779 2829 3181 3126">
     <span class='ocr_line' id='line_1_17' title="bbox 1115 2829 3177 2918; baseline 0.001 -22"><span class='ocrx_word' id='word_1_111' title='bbox 1115 2831 1408 2918; x_wconf 78' lang='lat' dir='ltr'>superior</span> <span class='ocrx_word' id='word_1_112' title='bbox 1449 2835 1736 2918; x_wconf 85' lang='lat' dir='ltr'>potestas</span> <span class='ocrx_word' id='word_1_113' title='bbox 1777 2829 2027 2896; x_wconf 80' lang='lat' dir='ltr'>virtute</span> <span class='ocrx_word' id='word_1_114' title='bbox 2088 2829 2353 2918; x_wconf 87' lang='lat' dir='ltr'>propria</span> <span class='ocrx_word' id='word_1_115' title='bbox 2394 2829 2753 2916; x_wconf 89' lang='lat' dir='ltr'>potentiori</span> <span class='ocrx_word' id='word_1_116' title='bbox 2808 2829 2881 2894; x_wconf 87' lang='lat' dir='ltr'>id</span> <span class='ocrx_word' id='word_1_117' title='bbox 2938 2829 3177 2898; x_wconf 88' lang='lat' dir='ltr'>efficiat.</span> 
     </span>
     <span class='ocr_line' id='line_1_18' title="bbox 781 2931 3173 3022; baseline -0.002 -18"><span class='ocrx_word' id='word_1_118' title='bbox 781 2953 1040 3006; x_wconf 68' lang='lat' dir='ltr'>aRiehard</span> <span class='ocrx_word' id='word_1_119' title='bbox 1121 2933 1556 3016; x_wconf 79' lang='lat' dir='ltr'>Quamobrem</span> <span class='ocrx_word' id='word_1_120' title='bbox 1631 2955 1780 3000; x_wconf 86' lang='lat' dir='ltr'>eum</span> <span class='ocrx_word' id='word_1_121' title='bbox 1851 2931 2057 3000; x_wconf 87' lang='lat' dir='ltr'>abbas</span> <span class='ocrx_word' id='word_1_122' title='bbox 2076 2945 2109 2982; x_wconf 76' lang='lat' dir='ltr'>a</span> <span class='ocrx_word' id='word_1_123' title='bbox 2172 2931 2609 3022; x_wconf 84' lang='lat' dir='ltr'>Croylandiae,</span> <span class='ocrx_word' id='word_1_124' title='bbox 2660 2931 2907 3000; x_wconf 77' lang='lat' dir='ltr'>ordinis</span> <span class='ocrx_word' id='word_1_125' title='bbox 2970 2931 3173 3000; x_wconf 84' lang='lat' dir='ltr'>beati¹</span> 
     </span>
     <span class='ocr_line' id='line_1_19' title="bbox 779 3021 3181 3126; baseline 0 -24"><span class='ocrx_word' id='word_1_126' title='bbox 779 3021 1060 3090; x_wconf 76' lang='lat' dir='ltr'>Bardenay.</span> <span class='ocrx_word' id='word_1_127' title='bbox 1119 3037 1475 3117; x_wconf 70' lang='lat' dir='ltr'>Benedicti,</span> <span class='ocrx_word' id='word_1_128' title='bbox 1511 3035 1664 3126; x_wconf 86' lang='lat' dir='ltr'>jure</span> <span class='ocrx_word' id='word_1_129' title='bbox 1709 3035 2073 3102; x_wconf 82' lang='lat' dir='ltr'>dioecesano</span> <span class='ocrx_word' id='word_1_130' title='bbox 2116 3037 2307 3102; x_wconf 87' lang='lat' dir='ltr'>nobis</span> <span class='ocrx_word' id='word_1_131' title='bbox 2336 3035 2681 3122; x_wconf 86' lang='lat' dir='ltr'>subjectus,</span> <span class='ocrx_word' id='word_1_132' title='bbox 2712 3057 2829 3122; x_wconf 88' lang='lat' dir='ltr'>per</span> <span class='ocrx_word' id='word_1_133' title='bbox 2862 3035 3181 3102; x_wconf 86' lang='lat' dir='ltr'>dominum</span> 
     </span>
    </p>
   </div>
   <div class='ocr_carea' id='block_1_5' title="bbox 1115 3135 3183 3228">
    <p class='ocr_par' dir='ltr' id='par_1_6' title="bbox 1115 3135 3183 3228">
     <span class='ocr_line' id='line_1_20' title="bbox 1115 3135 3183 3228; baseline 0 -24"><span class='ocrx_word' id='word_1_134' title='bbox 1115 3161 1334 3228; x_wconf 84' lang='lat' dir='ltr'>regem</span> <span class='ocrx_word' id='word_1_135' title='bbox 1403 3141 1796 3204; x_wconf 88' lang='lat' dir='ltr'>constitutus</span> <span class='ocrx_word' id='word_1_136' title='bbox 1877 3139 1967 3204; x_wconf 86' lang='lat' dir='ltr'>sit</span> <span class='ocrx_word' id='word_1_137' title='bbox 2024 3135 2427 3224; x_wconf 85' lang='lat' dir='ltr'>justitiarius</span> <span class='ocrx_word' id='word_1_138' title='bbox 2492 3137 2829 3218; x_wconf 87' lang='lat' dir='ltr'>itinerans,</span> <span class='ocrx_word' id='word_1_139' title='bbox 2890 3143 2957 3204; x_wconf 92' lang='lat' dir='ltr'>et</span> <span class='ocrx_word' id='word_1_140' title='bbox 3018 3139 3183 3204; x_wconf 88' lang='lat' dir='ltr'>inter</span> 
     </span>
    </p>
   </div>
   <div class='ocr_carea' id='block_1_6' title="bbox 1115 3239 3299 3330">
    <p class='ocr_par' dir='ltr' id='par_1_7' title="bbox 1115 3239 3299 3330">
     <span class='ocr_line' id='line_1_21' title="bbox 1115 3239 3299 3330; baseline -0 -22"><span class='ocrx_word' id='word_1_141' title='bbox 1115 3243 1278 3310; x_wconf 84' lang='lat' dir='ltr'>alios</span> <span class='ocrx_word' id='word_1_142' title='bbox 1313 3241 1708 3328; x_wconf 76' lang='lat' dir='ltr'>justitiarios</span> <span class='ocrx_word' id='word_1_143' title='bbox 1749 3239 2139 3308; x_wconf 70' lang='lat' dir='ltr'>itinerantes</span> <span class='ocrx_word' id='word_1_144' title='bbox 2184 3247 2483 3308; x_wconf 80' lang='lat' dir='ltr'>exerceat</span> <span class='ocrx_word' id='word_1_145' title='bbox 2524 3241 2781 3330; x_wconf 87' lang='lat' dir='ltr'>publice</span> <span class='ocrx_word' id='word_1_146' title='bbox 2824 3239 3183 3330; x_wconf 87' lang='lat' dir='ltr'>hujusmodi</span> <span class='ocrx_word' id='word_1_147' title='bbox 3294 3273 3299 3280; x_wconf 97' lang='lat'>·</span> 
     </span>
    </p>
   </div>
   <div class='ocr_carea' id='block_1_7' title="bbox 775 3343 3187 4566">
    <p class='ocr_par' dir='ltr' id='par_1_8' title="bbox 775 3343 3187 4566">
     <span class='ocr_line' id='line_1_22' title="bbox 1105 3343 3183 3432; baseline 0 -22"><span class='ocrx_word' id='word_1_148' title='bbox 1105 3345 1486 3432; x_wconf 75' lang='lat' dir='ltr'>justitiariae</span> <span class='ocrx_word' id='word_1_149' title='bbox 1551 3343 1876 3426; x_wconf 85' lang='lat' dir='ltr'>officium3</span> <span class='ocrx_word' id='word_1_150' title='bbox 1919 3345 2097 3432; x_wconf 88' lang='lat' dir='ltr'>quod</span> <span class='ocrx_word' id='word_1_151' title='bbox 2164 3349 2487 3432; x_wconf 85' lang='lat' dir='ltr'>quantum</span> <span class='ocrx_word' id='word_1_152' title='bbox 2558 3343 2651 3408; x_wconf 84' lang='lat' dir='ltr'>sit</span> <span class='ocrx_word' id='word_1_153' title='bbox 2724 3343 3183 3426; x_wconf 74' lang='lat' dir='ltr'>inconvenienS,</span> 
     </span>
     <span class='ocr_line' id='line_1_23' title="bbox 1113 3445 3181 3534; baseline 0.001 -24"><span class='ocrx_word' id='word_1_154' title='bbox 1113 3451 1562 3534; x_wconf 87' lang='lat' dir='ltr'>quantumque</span> <span class='ocrx_word' id='word_1_155' title='bbox 1607 3445 1904 3534; x_wconf 81' lang='lat' dir='ltr'>religioni</span> <span class='ocrx_word' id='word_1_156' title='bbox 1970 3451 2039 3512; x_wconf 90' lang='lat' dir='ltr'>et</span> <span class='ocrx_word' id='word_1_157' title='bbox 2094 3445 2235 3532; x_wconf 83' lang='lat' dir='ltr'>juri</span> <span class='ocrx_word' id='word_1_158' title='bbox 2278 3445 2507 3512; x_wconf 85' lang='lat' dir='ltr'>divino</span> <span class='ocrx_word' id='word_1_159' title='bbox 2574 3447 2999 3534; x_wconf 89' lang='lat' dir='ltr'>canonicoque</span> <span class='ocrx_word' id='word_1_160' title='bbox 3038 3471 3181 3514; x_wconf 85' lang='lat' dir='ltr'>con-</span> 
     </span>
     <span class='ocr_line' id='line_1_24' title="bbox 1111 3547 3181 3636; baseline 0.002 -22"><span class='ocrx_word' id='word_1_161' title='bbox 1111 3549 1408 3630; x_wconf 86' lang='lat' dir='ltr'>trarium,</span> <span class='ocrx_word' id='word_1_162' title='bbox 1497 3555 1736 3616; x_wconf 77' lang='lat' dir='ltr'>vestrae</span> <span class='ocrx_word' id='word_1_163' title='bbox 1849 3549 2219 3616; x_wconf 68' lang='lat' dir='ltr'>sanctitatis</span> <span class='ocrx_word' id='word_1_164' title='bbox 2324 3549 2645 3636; x_wconf 86' lang='lat' dir='ltr'>sapientia</span> <span class='ocrx_word' id='word_1_165' title='bbox 2750 3547 3181 3636; x_wconf 84' lang='lat' dir='ltr'>limpidissime</span> 
     </span>
     <span class='ocr_line' id='line_1_25' title="bbox 1113 3651 3183 3740; baseline 0 -20"><span class='ocrx_word' id='word_1_166' title='bbox 1113 3653 1470 3738; x_wconf 84' lang='lat' dir='ltr'>conspicit3</span> <span class='ocrx_word' id='word_1_167' title='bbox 1541 3675 1664 3720; x_wconf 89' lang='lat' dir='ltr'>nec</span> <span class='ocrx_word' id='word_1_168' title='bbox 1709 3651 1928 3720; x_wconf 81' lang='lat' dir='ltr'>valeat</span> <span class='ocrx_word' id='word_1_169' title='bbox 1992 3675 2109 3740; x_wconf 92' lang='lat' dir='ltr'>per</span> <span class='ocrx_word' id='word_1_170' title='bbox 2168 3675 2237 3720; x_wconf 85' lang='lat' dir='ltr'>se</span> <span class='ocrx_word' id='word_1_171' title='bbox 2298 3657 2523 3720; x_wconf 85' lang='lat' dir='ltr'>nostra</span> <span class='ocrx_word' id='word_1_172' title='bbox 2590 3653 2997 3720; x_wconf 73' lang='lat' dir='ltr'>imbecillitas</span> <span class='ocrx_word' id='word_1_173' title='bbox 3066 3655 3183 3720; x_wconf 87' lang='lat' dir='ltr'>hoc</span> 
     </span>
     <span class='ocr_line' id='line_1_26' title="bbox 1111 3753 3181 3844; baseline 0 -22"><span class='ocrx_word' id='word_1_174' title='bbox 1111 3755 1490 3822; x_wconf 85' lang='lat' dir='ltr'>scandalum</span> <span class='ocrx_word' id='word_1_175' title='bbox 1537 3753 1780 3834; x_wconf 85' lang='lat' dir='ltr'>tollere,</span> <span class='ocrx_word' id='word_1_176' title='bbox 1829 3755 2101 3844; x_wconf 89' lang='lat' dir='ltr'>objectis</span> <span class='ocrx_word' id='word_1_177' title='bbox 2164 3755 2491 3844; x_wconf 81' lang='lat' dir='ltr'>repagulis</span> <span class='ocrx_word' id='word_1_178' title='bbox 2550 3755 2887 3844; x_wconf 88' lang='lat' dir='ltr'>potestatis</span> <span class='ocrx_word' id='word_1_179' title='bbox 2958 3757 3181 3844; x_wconf 80' lang='lat' dir='ltr'>regiae3</span> 
     </span>
     <span class='ocr_line' id='line_1_27' title="bbox 1109 3857 3183 3946; baseline 0.002 -22"><span class='ocrx_word' id='word_1_180' title='bbox 1109 3879 1388 3946; x_wconf 83' lang='lat' dir='ltr'>cumque</span> <span class='ocrx_word' id='word_1_181' title='bbox 1429 3857 1580 3924; x_wconf 88' lang='lat' dir='ltr'>huic</span> <span class='ocrx_word' id='word_1_182' title='bbox 1625 3858 1796 3924; x_wconf 88' lang='lat' dir='ltr'>malo</span> <span class='ocrx_word' id='word_1_183' title='bbox 1823 3881 1961 3924; x_wconf 87' lang='lat' dir='ltr'>non</span> <span class='ocrx_word' id='word_1_184' title='bbox 2004 3859 2211 3946; x_wconf 85' lang='lat' dir='ltr'>possit</span> <span class='ocrx_word' id='word_1_185' title='bbox 2254 3859 2497 3946; x_wconf 87' lang='lat' dir='ltr'>sperari</span> <span class='ocrx_word' id='word_1_186' title='bbox 2538 3861 2893 3924; x_wconf 80' lang='lat' dir='ltr'>remedium</span> <span class='ocrx_word' id='word_1_187' title='bbox 2936 3861 3183 3928; x_wconf 82' lang='lat' dir='ltr'>aliunde</span> 
     </span>
     <span class='ocr_line' id='line_1_28' title="bbox 1109 3961 3183 4050; baseline 0.001 -24"><span class='ocrx_word' id='word_1_188' title='bbox 1109 3961 1242 4028; x_wconf 87' lang='lat' dir='ltr'>nisi</span> <span class='ocrx_word' id='word_1_189' title='bbox 1305 3985 1348 4026; x_wconf 87' lang='lat' dir='ltr'>a</span> <span class='ocrx_word' id='word_1_190' title='bbox 1427 3965 1662 4028; x_wconf 83' lang='lat' dir='ltr'>vestrae</span> <span class='ocrx_word' id='word_1_191' title='bbox 1737 3961 2109 4028; x_wconf 79' lang='lat' dir='ltr'>sanctitatis</span> <span class='ocrx_word' id='word_1_192' title='bbox 2202 3965 2545 4048; x_wconf 85' lang='lat' dir='ltr'>potestate,</span> <span class='ocrx_word' id='word_1_193' title='bbox 2622 3963 2977 4050; x_wconf 73' lang='lat' dir='ltr'>praesertim</span> <span class='ocrx_word' id='word_1_194' title='bbox 3046 3985 3183 4030; x_wconf 89' lang='lat' dir='ltr'>cum</span> 
     </span>
     <span class='ocr_line' id='line_1_29' title="bbox 1111 4065 3182 4154; baseline 0 -22"><span class='ocrx_word' id='word_1_195' title='bbox 1111 4065 1272 4132; x_wconf 88' lang='lat' dir='ltr'>alias</span> <span class='ocrx_word' id='word_1_196' title='bbox 1331 4065 1406 4132; x_wconf 87' lang='lat' dir='ltr'>in</span> <span class='ocrx_word' id='word_1_197' title='bbox 1451 4065 1770 4132; x_wconf 88' lang='lat' dir='ltr'>consimili</span> <span class='ocrx_word' id='word_1_198' title='bbox 1813 4089 2011 4134; x_wconf 87' lang='lat' dir='ltr'>eausa</span> <span class='ocrx_word' id='word_1_199' title='bbox 2066 4065 2153 4132; x_wconf 89' lang='lat' dir='ltr'>ad</span> <span class='ocrx_word' id='word_1_200' title='bbox 2196 4065 2637 4134; x_wconf 82' lang='lat' dir='ltr'>venerabilem</span> <span class='ocrx_word' id='word_1_201' title='bbox 2678 4071 2931 4154; x_wconf 86' lang='lat' dir='ltr'>patrem</span> <span class='ocrx_word' id='word_1_202' title='bbox 2990 4067 3182 4134; x_wconf 86' lang='lat' dir='ltr'>domi-</span> 
     </span>
     <span class='ocr_line' id='line_1_30' title="bbox 775 4166 3185 4258; baseline 0 -22"><span class='ocrx_word' id='word_1_203' title='bbox 775 4185 800 4220; x_wconf 63' lang='grc'>1)</span> <span class='ocrx_word' id='word_1_204' title='bbox 821 4185 1058 4244; x_wconf 71' lang='lat' dir='ltr'>Edmund</span> <span class='ocrx_word' id='word_1_205' title='bbox 1111 4191 1274 4234; x_wconf 89' lang='lat' dir='ltr'>num</span> <span class='ocrx_word' id='word_1_206' title='bbox 1305 4167 1844 4236; x_wconf 80' lang='lat' dir='ltr'>Cantuariensem</span> <span class='ocrx_word' id='word_1_207' title='bbox 1865 4166 1900 4215; x_wconf 81' lang='lat' dir='ltr'>b</span> <span class='ocrx_word' id='word_1_208' title='bbox 1944 4191 2065 4256; x_wconf 87' lang='lat' dir='ltr'>pro</span> <span class='ocrx_word' id='word_1_209' title='bbox 2116 4169 2527 4256; x_wconf 84' lang='lat' dir='ltr'>impetrando</span> <span class='ocrx_word' id='word_1_210' title='bbox 2574 4169 2859 4236; x_wconf 86' lang='lat' dir='ltr'>subsidio</span> <span class='ocrx_word' id='word_1_211' title='bbox 2902 4171 3185 4258; x_wconf 82' lang='lat' dir='ltr'>confuge-</span> 
     </span>
     <span class='ocr_line' id='line_1_31' title="bbox 775 4255 3185 4374; baseline 0 -36"><span class='ocrx_word' id='word_1_212' title='bbox 775 4255 1052 4374; x_wconf 42' lang='lat' dir='ltr'>gglffbing·</span> <span class='ocrx_word' id='word_1_213' title='bbox 1111 4275 1332 4352; x_wconf 83' lang='lat' dir='ltr'>rimus,</span> <span class='ocrx_word' id='word_1_214' title='bbox 1379 4293 1500 4338; x_wconf 88' lang='lat' dir='ltr'>nec</span> <span class='ocrx_word' id='word_1_215' title='bbox 1539 4277 1766 4338; x_wconf 87' lang='lat' dir='ltr'>tamen</span> <span class='ocrx_word' id='word_1_216' title='bbox 1817 4273 1888 4338; x_wconf 88' lang='lat' dir='ltr'>id</span> <span class='ocrx_word' id='word_1_217' title='bbox 1931 4273 2237 4338; x_wconf 83' lang='lat' dir='ltr'>effectum</span> <span class='ocrx_word' id='word_1_218' title='bbox 2282 4275 2373 4338; x_wconf 87' lang='lat' dir='ltr'>sit</span> <span class='ocrx_word' id='word_1_219' title='bbox 2436 4275 2613 4360; x_wconf 84' lang='lat' dir='ltr'>quod</span> <span class='ocrx_word' id='word_1_220' title='bbox 2652 4275 3185 4356; x_wconf 84' lang='lat' dir='ltr'>desideravimus3</span> 
     </span>
     <span class='ocr_line' id='line_1_32' title="bbox 1115 4375 3187 4464; baseline -0.001 -22"><span class='ocrx_word' id='word_1_221' title='bbox 1115 4377 1202 4442; x_wconf 77' lang='lat' dir='ltr'>ad</span> <span class='ocrx_word' id='word_1_222' title='bbox 1241 4379 1530 4442; x_wconf 85' lang='lat' dir='ltr'>vestram</span> <span class='ocrx_word' id='word_1_223' title='bbox 1575 4375 2001 4442; x_wconf 87' lang='lat' dir='ltr'>sanctitatem</span> <span class='ocrx_word' id='word_1_224' title='bbox 2062 4375 2383 4464; x_wconf 85' lang='lat' dir='ltr'>supplices</span> <span class='ocrx_word' id='word_1_225' title='bbox 2442 4375 2849 4458; x_wconf 53' lang='lat' dir='ltr'>recurrimus</span> <span class='ocrx_word' id='word_1_226' title='bbox 2892 4379 3187 4464; x_wconf 84' lang='lat' dir='ltr'>rogantes</span> 
     </span>
     <span class='ocr_line' id='line_1_33' title="bbox 1113 4479 3183 4566; baseline -0.001 -20"><span class='ocrx_word' id='word_1_227' title='bbox 1113 4485 1184 4546; x_wconf 93' lang='lat' dir='ltr'>et</span> <span class='ocrx_word' id='word_1_228' title='bbox 1227 4479 1634 4548; x_wconf 86' lang='lat' dir='ltr'>obsecrantes</span> <span class='ocrx_word' id='word_1_229' title='bbox 1697 4501 1894 4566; x_wconf 89' lang='lat' dir='ltr'>quam</span> <span class='ocrx_word' id='word_1_230' title='bbox 1958 4479 2163 4546; x_wconf 79' lang='lat' dir='ltr'>anxio</span> <span class='ocrx_word' id='word_1_231' title='bbox 2226 4479 2469 4546; x_wconf 86' lang='lat' dir='ltr'>affectu</span> <span class='ocrx_word' id='word_1_232' title='bbox 2532 4479 2775 4546; x_wconf 86' lang='lat' dir='ltr'>mentis</span> <span class='ocrx_word' id='word_1_233' title='bbox 2842 4501 3183 4566; x_wconf 77' lang='lat' dir='ltr'>possumne,</span> 
     </span>
    </p>
   </div>
   <div class='ocr_carea' id='block_1_8' title="bbox 1119 4671 1556 4678">
    <p class='ocr_par' dir='ltr' id='par_1_9' title="bbox 1119 4671 1556 4678">
     <span class='ocr_line' id='line_1_34' title="bbox 1119 4671 1556 4678; baseline 0 0"><span class='ocrx_word' id='word_1_234' title='bbox 1119 4671 1556 4678; x_wconf 95' lang='lat' dir='ltr'> </span> 
     </span>
    </p>
   </div>
   <div class='ocr_carea' id='block_1_9' title="bbox 1557 4671 1930 4678">
    <p class='ocr_par' dir='ltr' id='par_1_10' title="bbox 1557 4671 1930 4678">
     <span class='ocr_line' id='line_1_35' title="bbox 1557 4671 1930 4678; baseline -0.005 0"><span class='ocrx_word' id='word_1_235' title='bbox 1557 4673 1576 4678; x_wconf 73' lang='grc'>.-</span> <span class='ocrx_word' id='word_1_236' title='bbox 1583 4671 1930 4678; x_wconf 45' lang='grc' dir='ltr'>-ῌ-ῂ-ῄ-ή-ῴ-</span> 
     </span>
    </p>
   </div>
   <div class='ocr_carea' id='block_1_10' title="bbox 1931 4671 2375 4678">
    <p class='ocr_par' dir='ltr' id='par_1_11' title="bbox 1931 4671 2375 4678">
     <span class='ocr_line' id='line_1_36' title="bbox 1931 4671 2375 4678; baseline 0 0"><span class='ocrx_word' id='word_1_237' title='bbox 1931 4671 2375 4678; x_wconf 95' lang='lat' dir='ltr'> </span> 
     </span>
    </p>
   </div>
   <div class='ocr_carea' id='block_1_11' title="bbox 2376 4671 2817 4678">
    <p class='ocr_par' dir='ltr' id='par_1_12' title="bbox 2376 4671 2817 4678">
     <span class='ocr_line' id='line_1_37' title="bbox 2376 4671 2817 4678; baseline -0.002 -2"><span class='ocrx_word' id='word_1_238' title='bbox 2376 4671 2817 4678; x_wconf 57' lang='grc' dir='ltr'>,ῌ-π-ῌ</span> 
     </span>
    </p>
   </div>
   <div class='ocr_carea' id='block_1_12' title="bbox 2820 4671 3181 4678">
    <p class='ocr_par' dir='ltr' id='par_1_13' title="bbox 2820 4671 3181 4678">
     <span class='ocr_line' id='line_1_38' title="bbox 2820 4671 3181 4678; baseline 0 0"><span class='ocrx_word' id='word_1_239' title='bbox 2820 4671 3181 4678; x_wconf 95' lang='lat' dir='ltr'> </span> 
     </span>
    </p>
   </div>
   <div class='ocr_carea' id='block_1_13' title="bbox 1873 4779 2427 4854">
    <p class='ocr_par' dir='ltr' id='par_1_14' title="bbox 1873 4779 2427 4854">
     <span class='ocr_line' id='line_1_39' title="bbox 1873 4779 2427 4854; baseline -0.002 -18"><span class='ocrx_word' id='word_1_240' title='bbox 1873 4785 1890 4854; x_wconf 61' lang='grc' dir='ltr'><strong>ξ</strong></span> <span class='ocrx_word' id='word_1_241' title='bbox 1925 4783 2085 4852; x_wconf 79' lang='lat' dir='ltr'>beati]</span> <span class='ocrx_word' id='word_1_242' title='bbox 2118 4797 2221 4836; x_wconf 81' lang='lat' dir='ltr'>om.</span> <span class='ocrx_word' id='word_1_243' title='bbox 2248 4779 2427 4836; x_wconf 79' lang='lat' dir='ltr'>0.c.c.</span> 
     </span>
    </p>
   </div>
  </div>
 </body>
</html>
