3875 5734
813 1081 896 1136 Ps.
917 1083 998 1134 cii.
1025 1087 1070 1134 5.

811 1935 1030 2002 Philipp.
1051 1935 1082 1988 i.

813 2009 894 2052 23.

815 2779 844 2822 2
871 2771 986 2826 Cor.
1007 2771 1096 2824 vii.

813 2847 892 2894 10.

819 3933 1004 3984 Ezech.
1029 3935 1100 3986 iii.

821 4005 866 4062 7,
893 4007 940 4066 8,
963 4009 1008 4054 9.

1151 765 1278 836 170
1787 779 2077 830 RoBERTI
2126 779 2587 832 cnossn'rssrn

1145 965 1334 1028 tanto
1409 959 1618 1050 magis
1703 957 1959 1050 indiget
2034 959 2115 1028 de
2192 957 2541 1050 praeteritis
2616 957 3207 1046 transgressionibus

1147 1089 1370 1134 veram
1437 1089 1746 1156 peragere
1811 1067 2293 1156 poenitentiam,
2340 1071 2421 1134 ut
2478 1071 2835 1132 ‘renovetur
2898 1071 3207 1152 nmquam

1147 1171 1396 1260 aquilae
1445 1173 1772 1260 juvemus
1817 1173 1977 1260 ejus,
2022 1175 2109 1240 ad
2152 1173 2327 1260 quod
2394 1169 2971 1238 consummandum
3016 1175 3207 1236 trans-

1145 1279 1376 1344 missus
1423 1283 1522 1346 est
1567 1281 1654 1346 ad
1687 1285 1981 1348 vestrum
2028 1281 2385 1368 collegium.
2478 1279 2647 1362 Quia
2688 1277 2891 1368 igitur
2932 1275 3207 1344 infirmus

1145 1389 1246 1452 est
1311 1393 1380 1452 et
1445 1409 1664 1470 0011οΧ,
1713 1389 1983 1476 expedit
2044 1387 2251 1474 magis
2316 1389 2397 1452 ut
2460 1389 2725 1474 propter
2772 1407 3021 1452 causam
3060 1407 3207 1472 prae-

1147 1493 1390 1560 dictam
1433 1495 1772 1560 vobiscum
1833 1497 2141 1572 moretur,
2188 1497 2267 1558 ut
2322 1491 2589 1580 spiritus
2658 1493 2793 1578 ejus
2856 1489 3207 1578 juvenescat

1145 1603 1212 1664 et
1259 1605 1568 1682 sanetur3
1637 1605 1856 1666 vestra
1921 1599 2121 1666 etiam
2184 1599 2541 1686 compassio
2606 1619 2801 1686 quam
2858 1595 3063 1662 dicitis
3102 1619 3207 1662 vos

1143 1707 1382 1774 habere
1427 1707 1508 1772 de
1555 1707 1798 1788 eodem,
1845 1707 1904 1772 si
1948 1709 2049 1772 est
2090 1727 2263 1788 vera,
2310 1703 2499 1792 plura
2550 1703 2687 1792 ejus
2752 1703 3111 1770 infirmitati
3146 1707 3207 1770 et

1145 1813 1324 1878 senio
1371 1811 1716 1900 praestabit
1761 1805 1997 1878 solatia
2040 1833 2237 1898 quam
2266 1809 2591 1876 inveniret
2636 1809 2707 1874 in
2740 1809 2925 1876 domo
2952 1809 3205 1898 propria.

1147 1919 1424 2004 Insuper
1499 1917 1556 1982 si.
1627 1917 1828 1984 habet
1901 1917 2329 2004 cupiditatem
2408 1915 2685 1982 dissolvi
2760 1923 2815 1982 et
2890 1937 3011 1982 esse
3066 1937 3205 1984 cum

1151 2021 1428 2102 emto,
1475 2023 1648 2090 sicut
1711 2021 1947 2090 habuit
2002 2023 2377 2112 ApostoluS,
2420 2021 2669 2088 bonum
2716 2025 2815 2088 est
2862 2043 3005 2088 eum
3022 2019 3041 2058 ¹
3086 2045 3205 2088 esse

1145 2127 1262 2196 ubi
1307 2127 1634 2218 cupiditas
1679 2129 1816 2196 haec
1845 2127 2161 2216 majorem
2202 2127 2447 2196 habeat
2476 2127 2865 2196 incrementi
2906 2127 3205 2212 fomitem;

1145 2233 1440 2300 fomitem
1545 2239 1768 2302 autem
1861 2233 2311 2320 hujuscemodi
2404 2235 2769 2300 desiderata
2862 2235 3207 2302 transitoria

1145 2361 1294 2406 cum
1337 2341 1680 2420 habentur,
1729 2341 1943 2406 solent
1986 2347 2105 2406 aut
2158 2341 2421 2430 penitus
2484 2341 2869 2430 extinguere
2926 2345 3037 2406 aut
3078 2343 3205 2430 plu-

1145 2445 1388 2514 rimum
1415 2469 1738 2514 enervare.
1817 2445 2111 2534 Expedit
2156 2447 2363 2534 igitur
2406 2447 2619 2514 eidem
2662 2447 2869 2534 magis
2898 2445 3205 2514 vobiscum

1147 2575 1424 2634 manere,
1473 2553 1650 2642 quod
1719 2553 2045 2620 desiderat
2112 2553 2347 2632 minUS,
2416 2575 2613 2640 quam
2682 2553 2943 2618 domum
3000 2553 3205 2632 redire,

1145 2657 1322 2746 quod
1367 2659 1694 2724 desiderat
1739 2659 2019 2746 amplius
2048 2683 2063 2738 ;
2110 2659 2169 2724 si
2210 2661 2433 2724 autem
2478 2679 2561 2724 ex
2608 2659 2769 2724 vitae
2796 2657 2985 2744 hujus
3026 2657 3207 2724 taedio

1145 2769 1214 2830 et
1289 2761 1580 2830 tristitia
1653 2763 1874 2846 seculi,
1942 2787 2089 2850 quae
2164 2769 2445 2830 ‘mortem
2520 2769 2851 2850 operatu-r,
2926 2763 3207 2830 accidiose

1147 2871 1312 2936 mori
1357 2869 1696 2948 desiderat,
1745 2871 2015 2958 expedit
2058 2869 2265 2958 magis
2310 2875 2391 2934 ut
2434 2875 2653 2934 vestro
2692 2869 2943 2934 fruatur
2984 2870 3205 2948 solati0‚

1147 2977 1522 3064 hujusmodi
1565 2975 1842 3042 taedium
1887 2979 1957 3042 et
2002 2975 2345 3042 tristitiam
2414 2975 2717 3058 leniente,
2766 2999 2955 3064 quam
3018 2975 3205 3042 locum

1147 3083 1356 3160 adeat,
1421 3081 1556 3162 ubi,
1627 3081 1756 3144 nisi
1775 3081 1800 3116 ‘²
1867 3085 2123 3148 veteres
2190 3081 2329 3168 ejus
2392 3103 2601 3148 mores
2668 3081 2929 3170 plurimi
3000 3081 3207 3146 immu-

1149 3191 1376 3254 tentur
1391 3183 1436 3268 ³,
1481 3187 1566 3252 de
1611 3207 1738 3274 quo
1783 3186 2041 3253 nullum
2100 3185 2313 3252 adhuc
2358 3187 2711 3276 recepimus
2760 3191 3001 3254 certum
3042 3209 3209 3276 argu-

1151 3297 1448 3358 mentum
1469 3289 1510 3372 4,
1559 3291 1820 3360 accidiae
1863 3293 2075 3380 majus
2144 3291 2471 3360 inveniret
2516 3293 2893 3360 fomentum.
2980 3291 3207 3382 Suggil-

1149 3399 1304 3464 latis
1347 3403 1574 3464 autem
1613 3421 1736 3462 nos
1805 3399 1886 3464 de
1952 3399 2157 3466 ferreo
2220 3403 2479 3488 pectore
2548 3403 2617 3466 et
2676 3403 2929 3466 carente
2970 3399 3205 3486 pietate,

1151 3505 1222 3570 in
1265 3503 1604 3570 literarum
1633 3507 2003 3570 vestrarum
2048 3505 2231 3570 calce.
2310 3505 2593 3570 Utinam
2636 3509 2859 3592 pectus
2888 3503 3207 3570 habeamus

1151 3609 1432 3674 ferreum
1523 3613 1588 3674 et
1667 3609 1922 3690 durum,
2000 3609 2305 3676 videlicet
2400 3611 2575 3696 quod
2650 3608 2889 3674 molliri
2956 3615 3207 3696 nequeat

1151 3713 1490 3780 blanditiis
1539 3715 1993 3798 seductorum;
2052 3715 2239 3798 forte,
2290 3715 2463 3802 quod.
2520 3717 2733 3804 frangi
2786 3723 3055 3804 nequeat
3094 3721 3209 3782 ter-

1151 3821 1406 3888 roribus
1449 3821 1766 3886 malorum
1793 3847 1808 3902 3
1871 3827 2155 3904 acutum,
2204 3819 2379 3908 quod
2424 3821 2589 3888 vitia
2632 3827 2873 3888 resecet
2916 3825 2979 3888 et
3010 3821 3211 3888 adver-

1153 3927 1370 3992 santia
1443 3927 1616 3990 mala
1687 3925 2031 3994 disturbet.
2154 3927 2237 3992 In
2312 3927 2649 3992 Ezechiele
2724 3925 2945 3994 omnis
2996 3927 3211 3994 domu-3

1151 4031 1202 4098 I
1197 4029 1376 4098 srael
1421 4031 1596 4098 dicta
1639 4037 1738 4098 est
1781 4031 1981 4098 fuisse
2014 4031 2191 4098 duro
2220 4029 2415 4098 corde
2430 4057 2457 4112 ;
2504 4033 2743 4099 duritie
2772 4033 3065 4098 videlicet
3092 4055 3213 4098 eru-

1157 4137 1448 4204 delitatis
1523 4143 1592 4204 et
1667 4137 1957 4218 malitiae,
2036 4161 2233 4226 quam
2306 4161 2347 4202 a
2420 4137 2607 4204 nobis
2682 4141 2937 4206 avertat
3012 4137 3213 4216 Deus3

1157 4247 1386 4308 contra
1445 4265 1644 4330 quam
1691 4241 2001 4308 duritiem
2048 4243 2205 4308 data
2250 4245 2349 4308 est
2396 4241 2727 4330 prophetae
2766 4241 2977 4330 facies
3020 4243 3215 4310 valen-

2920 4511 2935 4514 ·-
2950 4509 3107 4516 -—-.—.-.-.,

1223 4707 1238 4736 ²
1275 4705 1404 4772 erc-m]
1433 4705 1580 4764 enim,
1601 4707 1784 4758 C.C.C.
2320 4705 2339 4730 ἕ*
2374 4703 2699 4768 immutentur]
2736 4701 3001 4764 imitentur,
3024 4705 3117 4752 Sid.

1225 4791 1244 4820 2
1279 4789 1402 4854 nisi]
1441 4803 1538 4840 om.
1565 4787 1670 4842 Sid.
2324 4785 2341 4812 ⁸
2372 4781 2476 4836 Sid.
2494 4783 2685 4846 inserts,
2700 4785 2817 4848 quin
2834 4783 2933 4846 ibi.,·
2954 4783 3049 4836 Ox.
3066 4791 3215 4832 tamen.
