3875 5734
733 1079 832 1134 Isa.
855 1081 886 1134 i.
915 1087 992 1134 22.

733 2547 846 2598 The
877 2547 1042 2600 excel-

731 2615 872 2666 lence
895 2619 994 2668 and

733 2685 1010 2736 usefulness

731 2751 1046 2806 ofthefriars.

729 4209 828 4264 Isa.
851 4211 922 4266 ix.
945 4221 992 4266 2.

1069 777 1196 840 180
1719 789 2009 840 ROBERTI
2058 789 2511 840 GROSSETESTE

1063 967 1376 1036 lizabitur
1417 971 1490 1036 in
1521 969 1612 1036 eis
1641 969 1848 1058 plebis
1889 969 2265 1048 multitud0‚
2314 969 2597 1036 clamans
2646 969 2791 1034 auri
2832 969 3141 1058 fulgorem

1067 1095 1334 1142 versum
1391 1095 1520 1140 6336
1583 1073 1668 1140 in
1743 1075 2049 1142 scoriam.
2172 1075 2337 1156 Quae
2400 1073 2457 1140 si
2526 1073 2907 1154 acciderent,
2974 1077 3143 1160 quod

1067 1179 1252 1260 absit,
1301 1179 1718 1246 manifestum
1769 1185 1866 1248 est
1913 1181 2091 1268 quod
2138 1179 2207 1248 in
2262 1179 2527 1246 ecclesia
2580 1179 2707 1244 Dei
2752 1187 3139 1248 recurrerent

1067 1285 1628 1352 abominationum
1703 1285 1941 1366 sordeS,
2020 1309 2169 1374 quae
2262 1307 2377 1372 per
2470 1285 2793 1350 dictorum
2872 1285 3137 1352 fratrum

1067 1389 1454 1458 catholicam
1499 1391 2031 1480 praedicationem
2080 1395 2147 1458 et
2190 1389 2587 1458 eminentem
2632 1389 3139 1458 mundissimam-

1067 1483 1192 1584 que
1267 1497 1824 1564 conversationem
1883 1497 2027 1584 jam
2122 1495 2385 1560 fuerant
2474 1500 2873 1584 expurgatae,
2958 1497 3141 1564 unita

1065 1623 1288 1668 rursus
1301 1599 1322 1638 ¹
1395 1601 1856 1680 dividerentur,
1935 1603 2255 1668 nutarent
2300 1599 2517 1680 fortia,
2598 1605 2667 1668 et
2742 1599 3141 1666 fuscarentur

1069 1707 1314 1772 deeora.
1409 1707 1510 1772 Ut
1569 1719 1792 1772 autem
1843 1708 2085 1772 vestrae
2134 1703 2509 1772 sanctitatis
2562 1705 2739 1772 zelus
2794 1705 2995 1772 tantis
3036 1707 3141 1770 ob-

1067 1815 1200 1876 stet
1241 1809 1562 1876 malorum
1607 1809 1812 1892 vitiis,
1853 1833 1989 1876 non
2036 1831 2197 1896 opus
2266 1815 2365 1876 est
2424 1809 2793 1876 rationibus
2838 1809 2945 1876 vel
3000 1831 3141 1876 auc-

1065 1915 1448 1980 toritatibus
1493 1913 1780 1996 suadere,
1835 1914 1989 1980 licet
2042 1935 2175 1980 non
2216 1913 2427 2000 possit
2470 1913 2817 1980 condolens
2878 1911 3137 1978 affectus

1065 2041 1182 2106 pro
1247 2017 1570 2082 obstando
1629 2017 1868 2082 eisdem
1931 2017 2121 2082 malis
2196 2039 2333 2082 non
2402 2039 2711 2100 exorare3
2780 2019 2913 2104 ipse
2972 2017 3137 2082 enim

1065 2123 1242 2188 zelus
1311 2145 1376 2188 se
1451 2121 1668 2208 ipsum
1743 2121 2011 2202 excitat,
2066 2123 2379 2202 stimulat,
2438 2121 2765 2210 propellit,
2814 2127 2881 2186 et
2952 2121 3137 2208 erigit

1067 2225 1436 2292 invincibili
1497 2225 1720 2314 vigore
1783 2231 2013 2294 contra
2072 2247 2331 2292 omnem
2406 2225 2951 2292 machinationem
3008 2247 3141 2292 ver-

1065 2337 1330 2418 gentem
1391 2331 1464 2396 in
1531 2331 1860 2418 puritatis,
1931 2331 2225 2408 unitatis,
2292 2331 2733 2408 firmitudinis
2784 2333 2849 2396 et
2910 2327 3141 2396 decoris

1069 2435 1300 2502 domus
1365 2433 1494 2500 Dei
1559 2435 2063 2502 demolitionem.
2178 2433 2247 2500 N
2248 2457 2335 2498 on
2394 2435 2653 2520 expetit
2712 2433 2917 2520 igitur
2974 2435 3139 2502 zelus

1067 2545 1298 2606 tantus
1361 2541 1490 2604 nisi
1563 2539 1724 2606 mali
1799 2541 2203 2604 imminentis
2280 2535 2721 2604 eversionem.2
2812 2537 2997 2620 Quod
3066 2543 3141 2602 ut

1071 2645 1444 2712 evidentius
1485 2645 1558 2712 in
1601 2667 1718 2712 suo
1763 2647 2087 2712 contrario
2130 2643 2577 2732 perspiciatur,
2612 2643 2775 2710 sciat
2820 2667 2933 2730 pro
2976 2649 3141 2710 certo

1073 2751 1386 2816 sanctitas
1433 2753 1652 2816 vestra
1697 2751 1870 2838 quod
1915 2751 2091 2836 apud
2134 2751 2459 2815 nostrates
2512 2771 2629 2836 per
2680 2749 2883 2814 dictos
2922 2749 3139 2816 fratres

1071 2853 1562 2922 inaestimabilia
1625 2853 2023 2940 perveniunt
2088 2853 2277 2920 bona.
2370 2853 2763 2918 Illuminant
2830 2853 3001 2918 enim
3048 2859 3141 2918 to-

1067 2967 1210 3024 tam
1269 2963 1566 3024 nostram
1629 2959 1959 3046 regionem
2004 2957 2315 3044 praeclara
2372 2957 2517 3024 luce
2562 2957 3037 3044 praedicationis
3078 2961 3141 3022 et

1069 3063 1396 3130 doctrinae.
1491 3063 1626 3128 Sua
1677 3063 2087 3128 sanctissima
2132 3061 2535 3128 conversatio
2596 3063 3007 3128 vehementer
3046 3083 3139 3126 ac·-

1069 3169 1292 3234 cendit
1351 3167 1438 3234 ad
1499 3167 1730 3232 mundi
1775 3171 2231 3254 contemptum
2292 3171 2359 3232 et
2406 3171 2833 3254 spontaneam
2884 3189 3141 3254 pauper-

1067 3277 1294 3352 tatem,
1361 3271 1448 3336 ad
1511 3271 1959 3336 humilitatem
2022 3271 2373 3336 tenendam
2442 3271 2643 3336 etiam
2704 3273 2775 3336 in
2832 3269 3141 3358 dignitate

1067 3381 1138 3442 et
1181 3379 1526 3462 potestate,
1587 3375 1674 3440 ad
1729 3375 2173 3462 praestandam
2218 3375 2659 3442 omnimodam
2718 3375 3135 3442 obedientiam

1065 3481 1358 3568 praelatis
1421 3483 1490 3546 et
1553 3479 1756 3568 capiti
1817 3479 2115 3560 ecclesiae,
2166 3481 2253 3546 ad
2310 3479 2701 3570 patientiam
2766 3483 2837 3546 in
2882 3481 3141 3546 tribula-

1065 3585 1262 3666 tione,
1311 3585 1398 3650 ad
1453 3583 1928 3652 abstinentiam
1978 3585 2051 3648 in
2110 3585 2535 3666 abundantia,
2586 3591 2655 3654 et
2698 3591 2777 3652 ut
2820 3587 2905 3652 ad
2946 3609 3135 3652 unum

1067 3689 1296 3768 dicam,
1343 3687 1432 3754 ad
1475 3689 1768 3754 omnium
1811 3689 2143 3756 virtutum
2204 3711 2413 3778 opera.
2508 3689 2565 3756 Ο
2610 3691 2667 3756 si
2716 3689 2967 3756 videret
3008 3713 3139 3758 vesw

1067 3797 1176 3858 tra
1211 3791 1524 3860 sanctitas
1565 3815 1762 3880 quam
1803 3791 2041 3858 devote
2086 3797 2157 3858 et
2190 3793 2529 3860 humiliter
2562 3795 2841 3860 accim-it
2878 3795 3137 3882 populus

1067 3903 1148 3964 ut
1193 3897 1422 3962 audiat
1463 3897 1548 3962 ab
1593 3897 1726 3962 illis
1771 3897 2049 3964 verbum
2094 3897 2273 3980 vitae,
2320 3903 2397 3964 ut
2444 3899 2833 3966 confiteatur
2874 3905 3135 3986 peccata,

1067 4007 1146 4068 ut
1191 4001 1562 4068 instruatur
1601 4001 1712 4068 in3
1753 4001 1997 4090 regulis
2042 4003 2203 4068 vitae
2250 4003 2539 4090 agendae,
2580 4009 3017 4092 quantumque
3060 4027 3137 4070 ex

1067 4127 1290 4174 eorum
1349 4105 1720 4172 imitatione
1787 4107 2153 4194 profectum
2218 4107 2503 4194 suscepit
2546 4107 2751 4174 clerus
2796 4113 2863 4174 et
2904 4107 3135 4196 religi0‚

1067 4211 1312 4278 diceret
1361 4209 1652 4300 profecto
1695 4209 1874 4296 quod
1931 4209 2397 4278 habitantibus
2436 4209 2525 4278 in
2580 4211 2847 4298 reyimw
2898 4211 3137 4278 umbrae

1067 4313 1310 4384 mortis
1351 4313 1472 4382 lux
1517 4321 1668 4384 orta
1709 4321 1802 4382 est
1849 4313 1947 4380 eis
1974 4317 2019 4396 !⁴
2050 4313 2473 4382 '‘Providebit
2530 4315 2739 4404 igitur
2782 4317 3137 4382 sanctitatis

1137 4663 1154 4696 ¹
1187 4665 1382 4734 rursus]
1419 4665 1576 4728 rimiS,
1611 4665 1808 4728 C.C.C.‚
1827 4665 1928 4716 Ox.
2226 4677 2245 4706 ³
2278 4677 2357 4742 in]
2396 4691 2493 4726 om,
2514 4675 2613 4728 Ox,

1133 4749 1154 4778 2
1187 4747 1494 4814 eversionem]
1531 4747 1880 4808 ostensionem,
1907 4747 2007 4800 Ox.
