3875 5734
1597 801 1955 864 EPISTOLAE.
2694 801 2819 870 169

743 993 976 1062 divinae
1051 991 1214 1080 legis
1287 991 1406 1056 lux
1483 1013 1620 1056 non
1691 991 2039 1058 illuminat.
2156 993 2375 1080 Igitur
2448 1015 2585 1058 non
2670 997 2825 1060 sunt
2846 993 2891 1048 is
2916 1015 3115 1066 reques-

741 1097 1124 1190 praeficiendi
1169 1097 1362 1164 duces
1407 1097 1750 1186 spiritales,
1797 1095 1926 1162 nisi
1990 1119 2151 1184 quos
2212 1097 2331 1164 lux
2372 1099 2617 1166 divinae
2660 1099 2825 1186 legis
2848 1071 3009 1186 ξξὲῒῒζ
3024 1083 3135 1200 1¹}ssss

741 1205 1058 1284 illustrat3
1089 1203 1160 1266 in
1193 1203 1290 1290 cuj
1301 1227 1374 1268 us
1419 1203 1760 1290 splendore
1791 1203 2067 1268 videant
2100 1225 2229 1290 quo
2260 1209 2605 1290 sequentes
2638 1205 2821 1270 salvo
2850 1215 2937 1264 per
2958 1217 3135 1266 person

745 1309 1106 1398 perducant,
1139 1329 1224 1374 ne
1267 1307 1682 1374 ambulantes
1727 1309 1800 1374 in
1843 1305 2133 1374 tenebris
2182 1311 2249 1372 et
2292 1307 2649 1374 nescientes
2696 1329 2825 1396 quo
2848 1271 3019 1400 {ci-iffi}
3042 1335 3099 1384 of

745 1413 998 1490 vadant,
1075 1413 1148 1478 in
1223 1413 1480 1480 foveam
1555 1419 1622 1482 et
1697 1413 2085 1480 barathrum
2158 1413 2403 1500 peccati
2478 1437 2623 1480 cum
2694 1415 2829 1480 suis
2852 1401 3091 1468 Minting.

749 1519 1114 1606 sequacibus
1177 1517 1428 1584 cadant.
1523 1519 1800 1608 Propter
1859 1519 2001 1586 haec
2064 1519 2243 1586 omni
2298 1517 2667 1584 devotionis
2710 1521 2829 1584 hu-

747 1625 1020 1690 militate
1085 1623 1272 1688 vobis
1343 1623 1796 1712 supplicamuS,
1845 1629 2173 1712 quatenus
2220 1623 2303 1688 ad
2344 1623 2709 1710 prioratum
2752 1625 2835 1690 de

749 1727 1042 1816 Menting
1103 1727 1304 1794 talem
1351 1727 1538 1794 nobis
1599 1733 1995 1814 praesentare
2058 1729 2319 1810 curetis»,
2366 1727 2483 1814 qui
2546 1733 2613 1794 et
2672 1729 2835 1818 legis

749 1833 982 1902 divinae
1043 1833 1186 1898 luce
1231 1831 1408 1898 viam
1455 1833 1758 1898 veritatis
1819 1833 2045 1900 videat
2116 1839 2183 1900 et
2250 1833 2619 1900 sanctitatis
2668 1833 2835 1900 reli-

745 1939 1074 2028 gionisque
1103 1937 1328 2026 vigore
1371 1959 1490 2026 per
1533 1959 1680 2004 eam
1723 1937 1983 2004 fortiter
2024 1939 2305 2018 incedat,
2352 1939 2837 2026 prudenterque

749 2067 974 2110 cavens
1015 2043 1452 2130 praecipitium
1495 2065 1798 2130 sequaces
1843 2065 1993 2110 suos
2036 2043 2123 2108 ad
2166 2043 2469 2110 sta-bilem
2514 2045 2835 2130 perducat

749 2151 1034 2214 salutem.
1151 2147 1390 2214 Sciatis
1469 2149 1644 2214 enim
1719 2147 1894 2234 quod
1970 2169 2107 2214 non
2180 2147 2531 2212 audeamus
2608 2171 2829 2214 curam

749 2253 1096 2342 spiritalem
1163 2253 1466 2338 cuiquam
1527 2251 1804 2332 tradere,
1873 2251 2003 2318 nisi
2072 2253 2183 2340 qui
2246 2273 2415 2318 curae
2460 2275 2597 2318 suae
2658 2275 2829 2320 com-

673 2389 684 2402 ·
747 2359 954 2424 missis
997 2355 1160 2424 sciat
1205 2363 1272 2424 et
1315 2357 1522 2446 possit
1583 2357 1654 2424 in
1715 2357 1826 2424 via
1869 2357 2169 2424 veritatis
2230 2361 2299 2424 et
2364 2363 2605 2424 sanctae
2674 2381 2823 2424 con-

719 2463 1120 2528 versationis
1163 2463 1406 2550 praeire.
1503 2463 1648 2526 Hoc
1703 2461 1898 2528 etiam
1946 2469 2013 2528 et
2058 2467 2277 2526 vestra
2322 2467 2547 2526 sancta
2590 2463 2819 2548 religio

749 2565 1036 2634 omnibus
1093 2567 1300 2632 modis
1345 2571 1414 2634 et
1457 2567 1708 2634 viribus
1769 2567 1967 2632 debet
2026 2565 2273 2632 solicite
2340 2571 2673 2654 satagere3
2736 2565 2823 2628 de

749 2695 872 2758 qua
941 2693 1266 2760 speramus
1341 2673 1516 2760 quod
1605 2671 1690 2736 ad.
1777 2671 2217 2737 imitationem
2306 2669 2577 2736 Domini
2658 2671 2707 2736 J
2708 2691 2825 2736 esu

751 2775 986 2840 Christi
1027 2773 1386 2840 Salvatoris
1431 2775 1644 2840 nostri
1705 2797 1840 2840 non
1901 2775 2109 2840 solum
2172 2779 2401 2862 parata
2446 2775 2549 2852 sit,
2596 2775 2711 2840 sed
2754 2775 2823 2838 et

749 2877 1038 2944 ardenter
1101 2879 1420 2946 desideret
1485 2883 1554 2944 et
1615 2883 1850 2946 aestuet
1915 2901 2035 2968 pro
2106 2877 2445 2944 animabus
2490 2877 2821 2946 salvandis

749 2983 1118 3068 sanguinem
1183 2983 1472 3062 fundere,
1517 2991 1590 3048 et
1655 2985 1862 3048 vitam
1927 2985 2097 3048 hanc
2160 2983 2583 3070 temporalem
2650 3003 2823 3048 acer-

749 3085 1016 3154 bissimae
1061 3091 1130 3154 et
1173 3087 1374 3154 etiam
1421 3087 1818 3174 turpissimae
1861 3087 2063 3154 morti
2108 3087 2379 3154 tradere.
2472 3087 2721 3154 Valete.

1701 3465 1838 3534 LV.

749 3639 1076 3722 liebertus,
1123 3639 1256 3708 Dav:
1295 3621 1550 3728 'qratia‘
1583 3639 2097 3708 Lincolniensis
2134 3643 2521 3732 Epis-copae,
2580 3641 2817 3708 dilecto
2846 3635 2969 3684 1233
2990 3629 3013 3676 ·⁹

919 3745 1004 3812 in
1035 3743 1294 3812 Christo
1323 3745 1502 3832 filio,
1535 3745 1764 3810 eade-m
1805 3747 2037 3832 yratia
2068 3747 2363 3814 Abbatia
2390 3743 2813 3814 Leircestrioe
2840 3723 3143 3844 ἒὲἷξζὴὲξῃ,

917 3847 1218 3930 salutem,
1261 3847 1592 3936 gyratiam,
1639 3855 1698 3914 et
1743 3849 2279 3916 benedictionem.

837 4031 956 4118 Adj
965 4035 1212 4098 uvante
1275 4031 1562 4098 Domino
1631 4031 1963 4098 veniemus
2028 4033 2117 4098 ad
2180 4037 2395 4118 partes
2442 4035 2693 4096 vestras
2750 4035 2819 4096 et
2844 4023 3087 4140 Ξξθὲἃὲἕ
3098 4021 3159 4070 of

753 4155 1194 4224 cognoscemus
1239 4135 1610 4202 evidentius
1655 4137 1736 4204 de
1779 4141 1959 4202 statu
2004 4135 2091 4202 H.
2122 4137 2413 4200 canonici
2444 4137 2523 4200 de
2570 4133 2813 4212 Dorke‚
2842 4105 3065 4224 penitffnt

751 4259 860 4324 pro
925 4239 1102 4326 cujus
1163 4239 1382 4306 reditu
1451 4241 1524 4306 in
1601 4241 1864 4306 domum
1929 4263 2117 4304 suam
2178 4261 2297 4304 nos
2370 4237 2667 4326 rogastis,
2744 4241 2815 4302 et
2840 4225 3159 4342 50ξὲξὲᾉῖ

749 4347 966 4406 utrum
1031 4365 1178 4408 cum
1243 4365 1398 4428 pace
1467 4341 1774 4410 abbatisb
1865 4347 1930 4408 et
1994 4347 2355 4408 conventus
2430 4345 2511 4408 de
2586 4341 2815 4406 Dorke
2844 4383 2867 4412 1,
2888 4323 3153 4440 Richards

749 4445 944 4530 possit
1015 4447 1228 4512 adhuc
1291 4471 1368 4512 eo
1435 4449 1690 4528 redire3
1763 4447 2089 4512 conamini
2152 4451 2373 4512 autem
2434 4445 2819 4534 persuadere
2846 4447 2993 4548 algbat
3012 4443 3069 4494 in

751 4549 1026 4632 ejusdem
1069 4551 1356 4616 reditum
1415 4573 1532 4638 per
1597 4551 2047 4616 infirmitatem
2102 4551 2403 4636 ejusdem,
2454 4555 2521 4614 et
2568 4547 2819 4612 senium
2852 4519 3001 4564 1'35'

751 4657 814 4718 et
877 4653 990 4720 diu
1049 4655 1490 4722 desideratum
1559 4657 1724 4722 mori
1791 4655 1864 4720 in
1925 4655 2119 4720 domo
2186 4677 2305 4718 sua
2358 4655 2533 4720 inter
2586 4651 2823 4716 fiatres

749 4779 932 4842 suos3
991 4761 1102 4826 sed
1145 4765 1390 4848 quanto
1435 4761 1754 4828 infirmior
1815 4763 1914 4824 est
1980 4763 2045 4824 et
2112 4759 2325 4824 senior
2384 4755 2821 4844 corporaliter,
