3875 5734
1561 855 1922 906 EmsroLAE.
2704 855 2791 928 37

707 1033 1070 1104 criminibus
1115 1033 1330 1122 aliquo
1377 1053 1700 1100 consensu
1741 1035 2095 1122 inquinari,
2146 1041 2213 1102 et
2278 1035 2527 1104 talibus
2570 1043 2787 1124 poenis

707 1163 782 1208 cx
813 1139 1040 1228 judicii
1083 1137 1490 1206 districtione
1535 1139 1772 1228 puniri.

785 1245 1070 1312 Secunda
1131 1267 1386 1334 quoque
1461 1245 1724 1324 occasio,
1805 1269 1953 1332 quae
2030 1245 2379 1312 materiam
2454 1245 2781 1324 scribendi
2808 1279 2865 1332 A
2886 1299 3021 1332 com-

701 1353 890 1432 dedit,
935 1359 1034 1418 est
1073 1351 1246 1420 haec:
1295 1351 1616 1432 videlicet,
1665 1351 1838 1440 quod
1885 1351 2155 1440 quidam
2208 1351 2291 1418 de
2336 1351 2601 1418 ballivis
2642 1377 2785 1424 ves-
2808 1349 2967 1466 pdaint
2988 1353 3051 1402 ⁰f

705 1457 832 1536 tris
877 1461 954 1524 ut
995 1479 1034 1522 a
1075 1455 1368 1542 pluribus
1413 1455 1662 1536 audivi,
1703 1455 1780 1520 in
1823 1455 2127 1542 parochia
2188 1455 2555 1542 praebendae
2600 1479 2783 1548 meae,
2804 1419 3129 1536 gfetfignduet

705 1561 1058 1630 hominibus
1117 1561 1352 1628 vestris
1407 1561 1528 1626 sub
1587 1559 1999 1628 districtione
2044 1561 2403 1651 prohibuit,
2450 1581 2535 1626 ne
2588 1565 2735 1650 quis
2760 1569 2779 1608 ¹
2810 1553 3081 1672 ζέᾓξὲξξξ

707 1689 916 1734 eorum
979 1667 1058 1734 de
1119 1665 1382 1734 decimis
1457 1689 1682 1732 eorum
1743 1665 1816 1730 in
1881 1665 2191 1752 parochia
2268 1665 2443 1732 dicta
2510 1665 2787 1740 sitorum
2812 1687 2899 1738 the
2916 1689 3087 1752 parish

707 1773 938 1860 aliquid
1001 1793 1208 1838 emere
1269 1777 1708 1860 praesumeret.
1821 1769 1953 1854 Qui
2018 1771 2075 1836 si
2136 1771 2259 1836 hoc
2324 1769 2565 1850 fecerit,
2612 1773 2789 1860 leges
2814 1755 3103 1874 ξέεῗθῖζδῖζζ

707 1879 1006 1944 humanas
1067 1881 1136 1944 et
1197 1877 1454 1944 divinas
1523 1899 1658 1942 non
1725 1875 2143 1944 mediocriter
2202 1875 2391 1944 laesit.
2484 1875 2791 1948 Abstulit
2812 1889 2959 1942 bend.
2992 1839 3025 1890 p

707 1983 868 2050 enim
911 1983 1070 2048 mihi
1113 1981 1568 2050 commercium
1631 1981 1987 2070 emptionis
2034 1987 2101 2048 et
2144 1981 2565 2064 venditioniS‚
2612 1989 2789 2072 quod

709 2091 868 2176 leges
909 2093 1046 2154 tam
1091 2087 1334 2154 divinae
1381 2109 1580 2178 quam
1623 2085 1932 2154 humanae
1974 2109 2111 2152 non
2160 2087 2367 2152 solum
2406 2087 2787 2172 concedunt,

707 2193 812 2260 sed
859 2193 1052 2260 etiam
1111 2195 1396 2260 tuentur.
1507 2191 1650 2260 Nec
1695 2191 1906 2258 solum
1950 2191 2285 2280 indigenae
2328 2192 2449 2258 hoc
2492 2193 2793 2280 gaudent

707 2299 992 2364 humanae
1055 2297 1376 2364 societatis
1439 2297 1612 2364 bono
1679 2301 1746 2364 et
1807 2295 2217 2364 necessitatis
2298 2295 2577 2378 solati03
2676 2301 2791 2366 sed

707 2403 892 2470 etiam
977 2403 1374 2490 alienigenae,
1439 2401 1614 2468 servi
1661 2405 1728 2468 et
1773 2401 2049 2482 ancillae,
2114 2403 2409 2488 tempore
2474 2399 2653 2488 pacis
2718 2409 2789 2470 et

707 2529 956 2594 guerrae.
1065 2505 1308 2574 Contra
1371 2505 1546 2594 leges
1591 2527 1816 2570 omnes
1877 2503 2171 2592 judicem
2238 2525 2305 2568 se
2372 2503 2529 2570 fecit
2588 2527 2787 2592 super

709 2633 818 2692 me,
875 2631 1024 2676 cum
1085 2633 1274 2676 nemo
1335 2609 1464 2676 sibi
1517 2609 1762 2696 judicis
1807 2613 2045 2674 sumat
2088 2601 2429 2688 honorem,
2476 2607 2593 2674 secl
2662 2609 2787 2694 qui
2812 2629 2945 2682 Heb.
2966 2649 3017 2682 v.
3042 2637 3087 2682 4.

709 2721 960 2782 vocatus
1021 2719 1112 2782 cst
1183 2735 1228 2780 a
1303 2713 1440 2780 Deo
1457 2739 1484 2796 ,·
1553 2715 1762 2780 omnis
1829 2733 2117 2800 namque
2186 2717 2479 2800 potestas
2542 2733 2581 2778 a
2642 2711 2785 2778 Deo
2810 2733 2961 2788 Rom.
2986 2737 3093 2790 xffi,

709 2823 800 2886 est
815 2821 858 2900 ⁶²,
903 2819 1066 2884 sicut
1111 2817 1270 2884 dicit
1317 2817 1688 2904 Apostolus,
1781 2817 1890 2884 Me
1929 2839 2067 2882 non
2110 2823 2433 2898 vocatum,
2466 2839 2601 2882 non
2632 2839 2783 2884 con-
2814 2809 2859 2856 ¹·

711 2909 958 3006 victum,
1019 2943 1154 2988 non
1217 2921 1592 3000 confessum,
1641 2943 1840 3010 poena
1885 2921 2533 2988 sceleratissimorum
2576 2921 2791 2986 homi-

711 3049 856 3092 num
897 3027 1318 3114 injustissime
1347 3027 1830 3092 condemnavit.
1911 3025 2145 3092 Voluit
2176 3047 2431 3114 quoque
2460 3031 2789 3114 praecepto

709 3153 816 3198 suo
847 3119 986 3198 'hoc
1053 3129 1310 3210 efficere,
1379 3135 1458 3198 ut
1519 3131 1898 3218 parochiani
1964 3129 2095 3198 mei
2140 3131 2421 3198 decimas
2466 3153 2615 3196 suas
2662 3129 2791 3198 rite

713 3257 834 3300 non
887 3237 1226 3314 solverent,
1295 3235 1364 3300 in
1425 3235 1548 3300 hoc
1609 3233 1814 3322 impie
1879 3235 2199 3300 cervicem
2244 3235 2499 3324 erigens
2562 3239 2793 3300 contra

715 3339 928 3416 Deum,
973 3339 1084 3426 qui
1129 3339 1366 3404 directe
1385 3339 1414 3376 3
1449 3339 1646 3426 jubet
1697 3337 1979 3404 decimas
2028 3339 2293 3404 solvere.
2358 3337 2531 3420 Quia
2558 3339 2787 3426 itaque
2812 3349 2937 3402 Mal.
2952 3347 3031 3402 iii.
3050 3353 3125 3402 10.

713 3443 826 3508 iste
843 3441 866 3480 ⁴
905 3443 1052 3508 talis
1097 3443 1222 3508 Dei
1267 3441 1712 3528 praecipientis
1739 3441 1985 3528 impius
2016 3443 2471 3522 subsannator,
2506 3443 2791 3510 echesiae

711 3551 772 3612 et
835 3547 1238 3634 praelatorum
1305 3547 1620 3634 superbus
1685 3549 2117 3634 contemptor,
2202 3547 2287 3612 de
2350 3549 2589 3630 vestris
2656 3569 2793 3614 esse

713 3649 1088 3732 dinoscitur3
1131 3651 1238 3714 ⁴ob
1301 3649 1736 3714 reverentiam
1805 3655 2097 3714 vestram
2166 3651 2347 3716 volui
2414 3651 2555 3716 haec
2598 3651 2791 3716 vobis

713 3753 878 3838 prius
919 3753 1330 3834 innotescere,
1397 3775 1594 3840 quam
1659 3753 2021 3818 secundum
2068 3753 2265 3820 officii
2310 3753 2439 3820 mei
2484 3753 2783 3818 debitum

711 3855 778 3918 in
815 3855 1022 3942 ipsum
1065 3855 1598 3922 animadvertere.
1697 3855 1947 3922 Contra
1986 3855 2083 3922 si5
2112 3857 2199 3922 ad
2244 3861 2539 3922 vestrum
2584 3855 2789 3942 impe-

713 3959 868 4022 rium
925 3957 1284 4026 satisfacere
1351 3957 1702 4038 curaverit,
1773 3963 2115 4046 gratanter
2176 3959 2541 4044 acceptabo.
2632 3957 2701 4022 N
2704 3979 2791 4022 on

713 4061 996 4128 convenit
1043 4065 1260 4128 autem
1337 4067 1580 4128 sanctae
1641 4061 1999 4128 viduitatis
2046 4067 2285 4128 vestrae
2356 4061 2787 4140 venerationi,

713 4187 846 4252 quse
899 4165 1178 4250 jejuniis
1243 4167 1666 4246 orationibu3‚
1733 4169 1804 4230 et
1869 4165 2319 4252 eleemosynis,
2368 4187 2515 4230 cum
2562 4167 2791 4230 Awnco
2814 4179 2865 4230 S,
2896 4179 3093 4232 Lucii.

707 4267 1104 4368 ΡΥΟΡῙῑθίίὸθα
1149 4267 1320 4356 filia
1373 4267 1712 4350 Phanuel,
1793 4267 1898 4332 die
1972 4289 2049 4332 ac
2122 4271 2315 4332 nocte
2406 4267 2793 4354 obsequitur
2812 4251 2901 4296 3⁶·

715 4609 720 4616 ,
775 4551 786 4578 1
821 4549 946 4616 quis]
983 4547 1174 4616 aliquis,
1195 4515 1394 4614 oue„
1417 4547 1568 4616 Digb.
1853 4549 1870 4576 ⁴
1905 4545 2021 4614 iste]
2060 4545 2169 4608 ista,
2188 4545 2367 4598 ecc.

773 4631 790 4662 ²
821 4633 962 4682 omnis·
993 4667 1004 4682 .
1037 4667 1052 4680 .
1085 4631 1180 4696 est]
1221 4645 1318 4680 om.
1341 4629 1494 4696 Digb.

773 4717 790 4746 ³
821 4711 1012 4778 directe]
1049 4711 1286 4776 districte,
1331 4709 1508 4764 C.C.C.
1537 4729 1552 4772 ;
1587 4707 1688 4758 dis·
1855 4707 1874 4734 ⁵
1915 4705 2103 4756 Contra
2124 4705 2197 4770 si]
2218 4703 2387 4766 Quasi,
2412 4703 2607 4766 C.C.O.‚
2634 4705 2787 4768 Digb.

717 4795 864 4858 trime,
883 4793 1034 4860 Digb.
