3875 5734
1499 795 1852 846 EPISTOLAE.
2634 789 2717 852 83

651 969 962 1062 legitimus
1033 971 1526 1040 matrimonialis
1617 973 1756 1038 sine
1837 977 2241 1040 sacramento
2318 975 2723 1042 matrimonii

653 1077 942 1170 praesenti
985 1079 1090 1146 vel
1147 1077 1562 1168 consequenti
1607 1079 1830 1166 potuit
1871 1077 2241 1168 legitimare
2300 1081 2385 1146 ad
2444 1081 2723 1148 haeredi-

651 1191 862 1268 tatem,
921 1191 1164 1274 quanto
1209 1187 1416 1276 magis
1475 1185 1690 1274 ipsum
1751 1191 2233 1252 sacramentum
2294 1185 2717 1268 matrimonii,

653 1293 794 1358 licet
849 1313 980 1358 non
1043 1291 1130 1358 sit
1187 1315 1466 1380 praesens
1533 1311 1680 1356 cum
1743 1291 1955 1380 proles
1998 1296 2365 1378 generatur,
2412 1293 2525 1358 sed
2570 1313 2719 1358 con—

653 1421 918 1488 sequens
965 1401 1176 1488 potest
1219 1399 1582 1488 legitimare
1627 1397 1714 1464 ad
1759 1395 2257 1464 haereditatem?

735 1505 900 1572 Item
973 1505 1028 1572 31
1097 1503 1340 1570 bonum
1403 1503 1808 1570 matrimonii
1873 1503 2097 1592 potuit
2156 1501 2367 1568 facere
2434 1501 2721 1590 aliquem

653 1611 962 1678 hominem
1045 1611 1408 1698 legitimum
1499 1609 1710 1674 filium
1799 1613 1868 1674 et
1956 1609 2323 1698 legitimum
2396 1605 2725 1674 haeredcm

653 1717 842 1806 ipsius
869 1715 1154 1804 quicum
1199 1737 1332 1782 non
1361 1715 1632 1806 genuit3
1679 1715 1890 1780 multo
1919 1713 2155 1782 fortius
2200 1713 2449 1780 bonum
2492 1713 2724 1778 matri-

655 1821 858 1902 monii,
901 1821 1052 1890 licet
1095 1821 1562 1910 subsequentia
1611 1825 1830 1908 potest
1875 1821 2087 1886 facere
2132 1821 2211 1886 de
2256 1819 2395 1886 filio
2436 1819 2723 1884 naturali

653 1929 846 1992 filium
887 1927 1250 2016 legitimum
1295 1931 1362 1992 et
1405 1925 1780 2014 legitimum
1825 1925 2155 1992 haeredem
2184 1925 2391 2012 ipsius
2424 1923 2539 2010 qui
2570 1947 2721 1990 cum

653 2031 902 2120 genuit3
943 2031 1084 2120 plus
1129 2031 1302 2098 enim
1333 2031 1602 2098 videtur
1631 2053 1820 2118 posse
1849 2031 2101 2096 bonum
2128 2029 2535 2094 matrimonii
2568 2029 2721 2094 sub-

653 2137 958 2226 sequentis
1001 2137 1070 2202 in
1103 2137 1568 2224 antegenitum,
1603 2159 1800 2224 quam
1831 2135 2079 2202 bonum
2124 2135 2523 2202 matrimonii
2552 2159 2721 2224 prae-

653 2243 840 2308 sentis
895 2243 962 2308 in
1021 2265 1168 2308 eum
1213 2265 1404 2330 quem
1463 2243 1568 2310 vir
1627 2265 1762 2308 non
1807 2241 2041 2328 genuit
2086 2265 2205 2308 nec
2248 2247 2679 2330 generaturus
2698 2241 2717 2280 ¹

653 2347 782 2414 fuit.
877 2347 1004 2414 Sed
1073 2347 1396 2412 Dominus
1487 2351 1712 2412 noster
1787 2345 1832 2412 J
1837 2369 1983 2412 esus
2060 2345 2363 2412 Christus
2452 2351 2721 2436 propter

653 2453 878 2520 bonum
941 2451 1336 2518 matrimonii
1397 2451 1572 2518 inter
1637 2451 1989 2538 gloriosam
2032 2451 2379 2538 Virginem
2440 2457 2721 2518 matrem

653 2557 778 2644 ejus
819 2561 886 2622 et
927 2557 1140 2622 virum
1205 2557 1434 2624 matris
1503 2555 1640 2644 ejus
1685 2555 1734 2622 J
1737 2555 1949 2644 oseph,
2016 2555 2145 2622 fuit
2210 2555 2385 2620 filius
2428 2553 2719 2644 ‹Joseph3

653 2681 774 2726 non
835 2661 1002 2728 enim
1061 2661 1456 2728 mendaciter
1523 2661 1700 2724 dixit
1763 2661 1906 2748 ipsa
1964 2661 2161 2724 beata
2220 2661 2469 2748 Virgo:
2548 2659 2717 2742 Fili,

653 2763 810 2852 quid
881 2763 1102 2854 fecisti
1187 2765 1382 2832 ‘nobis
1469 2763 1622 2832 sic?
1711 2763 1868 2830 Eccc
1950 2773 2149 2852 pater
2238 2769 2399 2832 tuus
2474 2769 2533 2832 et
2610 2787 2721 2850 390

653 2865 920 2934 dolentes
1005 2869 1454 2958 quaerebamus
1543 2875 1614 2934 tc.
1709 2867 1782 2934 Si
1875 2891 2013 2934 non
2108 2867 2511 2934 mendaciter
2610 2871 2723 2934 sed

653 2973 950 3040 veraciter
1007 2981 1194 3042 vocat
1267 2975 1460 3042 bea-ta
1519 2973 1726 3062 Virgo
1801 2973 1848 3040 J
1853 2973 2049 3062 oseph
2128 2983 2385 3064 patrem
2448 2975 2723 3042 Domini

653 3079 886 3144 nostri2
927 3079 974 3144 J
977 3101 1104 3162 0311,
1163 3103 1284 3148 nec
1345 3081 1484 3168 ipse
1531 3077 1856 3144 Dominus
1901 3079 1947 3144 J
1950 3101 2097 3144 esus
2156 3081 2561 3146 mendaciter
2608 3083 2721 3148 sed

655 3183 948 3250 veraciter
1031 3183 1160 3250 fuit
1247 3183 1422 3250 filius
1511 3181 1690 3270 ejus;
1783 3205 1916 3248 non
1994 3183 2169 3270 quod
2258 3183 2397 3272 ipse
2472 3185 2517 3252 J
2522 3185 2721 3274 oseph

655 3285 974 3354 carnaliter
1019 3311 1164 3354 eum
1207 3289 1454 3378 genuit,
1505 3287 1678 3374 quod
1741 3285 1916 3354 absit
1962 3309 2003 3352 a
2046 3287 2379 3354 mentibus
2422 3289 2715 3356 fidelium

653 3391 954 3480 suspicari,
1043 3393 1154 3460 sed
1243 3393 1396 3480 quia
1483 3393 1654 3460 ratio
1731 3393 2157 3480 paternitatis
2248 3399 2313 3462 et
2404 3393 2715 3484 legitimae

653 3495 962 3562 filiationis
1025 3497 1096 3562 in
1163 3499 1272 3564 eis‘
1315 3497 1448 3564 fuit
1511 3501 1788 3564 servata.
1883 3495 2047 3564 Haec
2124 3501 2223 3564 est
2298 3499 2475 3564 enim
2542 3501 2715 3564 ratio

653 3599 840 3686 patris
881 3597 1156 3688 legitimi
1211 3603 1298 3668 ad
1357 3601 1568 3666 filium
1613 3623 1806 3668 suum
1851 3601 2241 3690 legitimum,
2290 3607 2367 3666 ut
2412 3603 2719 3668 videlicet

655 3725 806 3768 uxor
865 3727 978 3770 sua
1039 3705 1340 3794 legitima
1383 3705 1638 3794 peperit
1703 3705 1766 3772 01
1833 3706 2083 3794 prolem
2150 3729 2283 3774 non
2352 3705 2433 3772 de
2502 3705 2717 3774 alieno

655 3807 1020 3890 concubitu3
1071 3817 1138 3876 et
1181 3813 1348 3878 ratio
1393 3811 1514 3876 filii
1559 3809 1844 3898 legitimi
1891 3811 1979 3876 ad
2024 3815 2281 3898 patrem
2312 3805 2715 3896 legitimum,

653 3917 722 3978 ut
761 3919 950 3982 natus
1013 3915 1100 3984 sit
1165 3917 1246 3984 de
1307 3937 1514 3984 uxore
1559 3915 1698 4002 ejus
1721 3915 1748 3954 3
1793 3915 2091 4006 legitima
2156 3939 2289 3980 non
2360 3915 2437 3980 de
2504 3915 2717 3980 alieno

653 4019 988 4088 concubitu.
1079 4021 1276 4088 Unde
1337 4021 1750 4110 Augustinus
1793 4021 1866 4086 in
1909 4021 2079 4086 libro
2148 4019 2227 4084 de
2294 4017 2479 4086 Bono
2546 4017 2717 4084 Con-

645 4123 848 4212 jugali,
893 4125 1022 4192 ait:
1091 4131 1126 4162 “
1145 4125 1406 4214 Conjtix
1473 4125 1686 4192 Maria
1731 4131 2003 4192 vocatur
2060 4149 2101 4190 a
2160 4123 2373 4212 prima
2436 4121 2715 4212 despon-

653 4235 686 4264 “
721 4231 976 4296 sationis
1041 4231 1184 4310 fide,
1263 4255 1460 4320 quam
1527 4231 1884 4298 concubitu
1952 4251 2089 4294 non
2154 4233 2523 4314 agnoverat
2596 4249 2715 4294 nec

657 4339 686 4368 “
723 4333 926 4402 fuerat
965 4335 1384 4432 cogniturum
1445 4357 1566 4404 nec
1607 4335 1898 4400 mendax
1958 4333 2091 4398 fuit
2152 4331 2447 4422 conjugis
2496 4331 2715 4422 appel·-

1655 4543 2035 4552 .ffl---....-.--..
2048 4545 2073 4550 ..-
2096 4545 2175 4550 ..—.

717 4633 728 4664 ¹
755 4631 1082 4698 yeneraturus]
1133 4631 1406 4698 geniturus,
1471 4629 1574 4682 Sid.
1785 4629 1804 4658 2
1837 4627 2017 4694 nostri]
2054 4641 2155 4680 om.
2178 4625 2299 4690 Sid„
2324 4629 2423 4680 Ox.

659 4713 836 4768 (LO-02.
1787 4707 1804 4734 ³
1837 4707 1971 4774 ejus]
2010 4723 2109 4760 om.
2130 4707 2231 4762 Sid.

2316 4791 2445 4854 r2

2748 2671 2801 2724 S.
2826 2673 2955 2724 Luc.
2976 2673 3027 2724 ii.

2746 2745 2827 2790 48.

2744 4033 2793 4086 S.
2814 4031 2937 4098 Aug
2974 4033 3057 4086 De

2742 4101 2943 4166 Nuptiis
2958 4109 3009 4152 et

2742 4171 3019 4236 Concupis-

2742 4239 2921 4290 centia.

2742 4307 2775 4356 i.
2794 4309 2909 4374 §12
2926 4305 3055 4370 Opp.

2742 4375 2811 4426 vi.
2834 4391 2883 4440 p.
2908 4379 3021 4424 285.
