3875 5734
1005 801 1138 864 414
1675 811 1971 858 nonnum
2016 807 2479 858 enossnrnsrn

1001 1013 1136 1076 prae
1165 991 1314 1056 aliis
1343 987 1658 1056 audacius
1685 993 1758 1056 et
1785 987 2023 1056 fortius
2050 989 2445 1056 invadentes
2490 993 2559 1054 et
2588 989 3097 1076 perturbant-,esa

999 1095 1190 1160 nulla
1231 1099 1458 1160 tamen
1503 1093 1572 1158 in
1621 1093 1983 1160 ministerio
2052 1093 2283 1162 bellico
2328 1093 2607 1158 inventa
2648 1093 2719 1158 in
2764 1091 2923 1182 ipsis
2966 1097 3101 1158 tur·

1001 1221 1260 1262 marum
1303 1197 1706 1284 principibus
1751 1197 2159 1286 negligentia
2232 1203 2349 1262 aut
2420 1197 2685 1284 injuria.
2802 1197 2905 1262 De
2948 1197 3103 1284 ipsis

1001 1323 1286 1388 namque
1345 1301 1748 1390 principibus
1811 1301 2035 1368 David
2094 1303 2413 1390 scriptum
2486 1305 2603 1380 est,
2680 1299 2857 1388 quod
2916 1305 3101 1368 erant

671 1417 910 1498 iphron.
1001 1405 1462 1474 robustissimi
1537 1413 1596 1474 et
1663 1413 2079 1494 puynatoree
2166 1405 2433 1494 optimi,
2528 1427 2823 1494 quorum
2882 1403 3099 1494 facies

667 1501 758 1536 ³¹¹¹·
785 1491 828 1548 δ’
847 1491 926 1536 3⁸·
1003 1509 1204 1596 quasi
1233 1509 1450 1596 facies
1481 1509 1708 1590 leonte,
1745 1517 1804 1578 et
1829 1509 2067 1578 veloces
2096 1513 2301 1596 quasi
2330 1533 2581 1598 capreoe
2624 1509 2711 1576 ‘ln
2738 1509 3093 1590 montibu&

1003 1613 1304 1700 expediti
1373 1613 1472 1682 ad
1539 1613 2011 1702 puynandwm
2084 1613 2277 1680 eorde
2340 1611 2643 1700 perfeeto,
2764 1611 3097 1692 Quomodo

1001 1717 1208 1804 igitur
1271 1719 1568 1806 episcopi,
1631 1717 1826 1782 duces
1895 1721 2255 1782 castrorum
2316 1717 2463 1800 Dei,
2484 1715 2511 1752 2
2572 1715 2829 1782 nullum
2874 1739 2989 1804 per
3030 1741 3095 1784 se

1005 1843 1046 1886 a
1075 1845 1278 1886 manu
1305 1821 1532 1886 hostili
1561 1821 1860 1908 eripient,
1907 1821 2163 1886 nullum
2208 1821 2453 1886 vitium
2496 1821 2997 1908 perturbabunt,
3030 1827 3095 1888 et

1007 1925 1298 1992 occident
1337 1923 1560 2010 gladio
1589 1929 1658 1990 et
1699 1923 1892 1990 hasta
1933 1923 2169 2012 rigoris
2232 1923 2677 1992 ecclesiasticae
2722 1923 3095 2014 disciplinae,

1003 2031 1136 2094 nisi
1193 2029 1360 2094 forte
1409 2027 1658 2094 fuerint
1699 2031 1983 2094 rectores
2028 2029 2151 2094 sub
2196 2051 2263 2094 se
2308 2029 2653 2096 constituti
2696 2029 3095 2116 negligentes

1001 2133 1262 2198 inventi
1305 2135 1422 2196 aut
1463 2131 1806 2218 injuriosi?
1899 2131 2239 2214 Quomodo
2304 2131 2475 2196 nihil
2538 2133 2709 2196 circa
2748 2133 2921 2218 ipsos
2964 2153 3093 2198 rec-

1001 2241 1178 2302 tores
1221 2235 1536 2322 disponet,
1569 2235 1862 2322 corriget,
1895 2240 2013 2300 aut
2058 2235 2443 2302 reformabit,
2488 2235 2823 2322 episcopus
2868 2235 2949 2302 de
2994 2235 3093 2300 his

999 2361 1148 2426 quae
1175 2337 1262 2402 ad
1289 2337 1534 2402 bellum
1565 2339 1904 2426 pertinent
1933 2337 2231 2424 spiritale
2256 2343 2283 2404 ἓ
2370 2339 2615 2404 Nonne
2646 2339 3087 2426 episcoporum

999 2447 1100 2508 est
1145 2441 1484 2508 ascendere
1545 2463 1628 2508 ex
1685 2443 1961 2508 adverso
2010 2447 2079 2508 et
2124 2463 2449 2532 opponere
2502 2463 2569 2508 se
2588 2441 2615 2480 ³
2674 2465 2933 2508 murum
2976 2465 3091 2530 pro

999 2547 1190 2612 domo
1265 2547 1486 2624 Israel,
1535 2551 1600 2610 et
1675 2551 1866 2626 stare,
1942 2569 2079 2612 non
2142 2547 2361 2634 jacere
2424 2547 2501 2610 in
2564 2547 2793 2634 praelio
2854 2547 2925 2610 in
2986 2547 3089 2610 die

1005 2649 1318 2718 Domini?

665 2781 846 2832 Duties
869 2781 930 2832 of
1093 2755 1400 2844 Episcopi
1443 2753 1630 2820 verbi
1675 2755 1804 2820 Dei
1865 2753 2417 2840 evangelizatores
2476 2775 2625 2818 cum
2676 2751 3089 2840 evangelistis

663 2849 978 2966 {ffiss'g‘ssops
1005 2859 1286 2924 caelestia
1353 2864 1510 2924 sunt
1575 2855 1906 2938 animalia,
1950 2877 2087 2922 non
2156 2857 2367 2922 solum
2408 2861 2719 2944 pennata,
2768 2857 2883 2922 sed
2936 2863 3087 2922 ante

665 2983 900 3034 dioceses,
1005 2967 1064 3028 et
1123 2967 1300 3028 ‘retro
1343 2959 1558 3026 oculis
1595 2961 1808 3046 plena
1829 2983 1860 3038 ;
1919 2965 2211 3048 pennata
2258 2959 2523 3046 quidem
2568 2965 2741 3042 sunt,
2788 2963 2869 3024 ut
2926 2961 3093 3026 sicut

665 3063 830 3128 Apoc.
853 3063 924 3118 iv.
1001 3065 1194 3132 docet
1241 3063 1564 3144 Salomon,
1601 3069 1892 3150 proepete
1935 3069 2129 3132 motu
2154 3063 2557 3132 discurrant
2596 3065 2683 3130 ad
2728 3063 3091 3150 exemplum

669 3135 722 3260 g
745 3211 890 3262 Matt.
1007 3167 1274 3250 Christi,
1303 3165 1696 3234 circuiendo
1721 3189 1850 3254 per
1879 3165 2185 3234 civitates
2214 3175 2277 3234 et
2322 3167 2589 3234 castella
2618 3189 2753 3234 suae
2784 3167 3089 3246 dioecesis

665 3277 738 3328 ix.
761 3283 842 3328 35-
1003 3277 1070 3338 et
1159 3271 1472 3336 festinent
1489 3269 1516 3308 ⁴
1603 3275 1682 3336 ut
1769 3271 2049 3336 amicum
2132 3293 2325 3338 suum
2400 3271 2733 3350 suscitent,
2794 3273 2917 3338 hoc
2976 3275 3087 3350 est,

1003 3375 1362 3462 quemlibet
1405 3397 1544 3442 suae
1603 3397 1776 3442 ourae
1819 3375 2253 3456 commissum,
2302 3399 2497 3462 quem
2556 3375 2727 3442 sicut
2792 3397 2863 3440 se
2922 3375 3091 3462 ipsos

667 3483 956 3538 Joe1.i.17.
1003 3479 1304 3566 diligunt,
1351 3501 1576 3546 somno
1603 3477 1852 3564 peccati
1897 3501 2277 3568 oppressum
2316 3477 2667 3564 jacentem,
2714 3483 2781 3546 et
2828 3497 3093 3564 eompu-

1003 3589 1382 3650 trementem
1427 3589 1506 3650 ut
1541 3581 1934 3670 jumentum
1976 3583 2063 3648 {m
2094 3589 2371 3648 stercore
2400 3603 2539 3666 suc,
2570 3603 2703 3648 non
2754 3581 2887 3648 solo
2930 3605 3089 3670 prae-

1001 3687 1346 3754 dicationis
1373 3687 1574 3752 verbo
1619 3691 1740 3752 aut
1791 3687 2301 3754 conversationis
2354 3687 2669 3774 exemplo,
2702 3687 2857 3774 quia
2898 3687 3093 3752 multi

1001 3813 1120 3880 per
1163 3791 1300 3858 haec
1343 3813 1480 3856 non
1527 3795 1682 3858 sunt
1727 3789 2155 3870 suscitabileS,
2202 3789 2435 3858 lethali
2478 3811 2705 3858 somno
2754 3789 3093 3856 vehemen-

1001 3897 1138 3960 tius
1185 3895 1512 3984 oppressi3
1577 3895 1690 3960 sed
1735 3897 1802 3960 et
1847 3895 2133 3962 stimulis
2176 3895 2421 3982 flagelli
2466 3895 2847 3982 castigantis
2892 3895 3093 3982 evigi-
3162 3949 3171 3964 .

1001 3997 1140 4064 lare
1169 3999 1580 4086 compellant,
1637 3999 1812 4084 quod
1841 4003 1922 4064 ut
1966 3997 2241 4064 discrete
2286 3999 2493 4064 facere
2538 3999 2805 4086 possint,
2856 3997 3089 4064 oculati

1005 4107 1162 4168 sunt
1203 4103 1510 4188 undique,
1557 4105 1650 4182 ut,
1697 4101 1868 4170 sicut
1915 4101 2087 4192 dicit·
2136 4101 2501 4188 Gregorius,
2578 4109 2615 4136 ‘⁶
2638 4125 2781 4190 quae
2832 4101 2905 4168 in
2948 4103 3091 4168 aliis

1007 4213 1044 4242 ‘⁶
1087 4209 1242 4272 sunt
1301 4207 1694 4294 corrigenda,
1769 4205 2037 4272 valeant
2100 4205 2641 4294 comprehendere
2666 4203 2747 4270 ⁵.”
2838 4203 2969 4272 Sed
3012 4205 3093 4272 ad

1003 4311 1164 4398 quid
1269 4311 1650 4398 corrigenda
1751 4309 2307 4398 deprehenderent
2412 4309 2543 4376 nisi
2628 4315 2695 4376 et
2778 4309 3087 4398 corrigere

1073 4557 1088 4586 ¹
1105 4557 1468 4626 perturbantes]
1481 4563 1844 4624 pertractantes,
1855 4557 1997 4610 Trin.
2166 4557 2183 4586 ⁴
2202 4557 2469 4624 festinent]
2508 4557 2767 4618 sustinent,
2790 4557 2929 4608 Trin.

1073 4639 1094 4668 ²
1125 4637 1258 4704 Dei]
1295 4637 1436 4702 dicti,
1471 4639 1614 4692 Trin.
2170 4641 2191 4668 ⁶
2218 4637 2631 4706 comprehendere]
2712 4635 3093 4700 deprehendere,

1073 4721 1094 4750 ³
1123 4721 1202 4788 se]
1237 4737 1336 4770 om.
1359 4719 1520 4782 Trin.,
1541 4721 1640 4770 Ox.
2042 4751 2049 4754 -
2104 4719 2285 4774 (2012.
