3875 5734
1107 871 1190 936 28
1759 877 2057 932 ROBERTI
2104 875 2565 932 enossnrnsrn

1103 1065 1324 1148 posset
1371 1061 1578 1128 conici
1629 1063 1806 1150 quod
1875 1067 2091 1130 astute
2160 1061 2283 1128 sub
2346 1059 2553 1150 specie
2598 1061 2775 1148 pacis
2820 1063 3185 1128 tenderem¹

1103 1165 1190 1230 ad
1259 1165 1662 1246 dilationem,
1729 1167 1934 1234 verba
1996 1167 2337 1232 literarum
2400 1187 2695 1232 mearum
2760 1167 3045 1252 posuisse
3090 1167 3189 1232 de-

1103 1269 1358 1348 buistis,
1423 1275 1502 1334 ut
1569 1293 1704 1336 non
1771 1295 1856 1338 ex
1923 1271 2277 1338 assertione
2338 1275 2571 1350 vestra,
2620 1269 2733 1334 sed
2778 1293 2863 1334 ex
2906 1291 3013 1336 ore
3054 1293 3191 1336 meo

1103 1375 1536 1458 convincerer,
1585 1381 1702 1440 aut
1769 1399 1916 1464 quae
1980 1399 2099 1464 ego
2160 1375 2315 1454 dixi,
2366 1395 2503 1440 non
2548 1373 2769 1462 qualia
2812 1397 2917 1440 me
2964 1373 3189 1440 dixisse

1103 1479 1404 1560 scribitis
1451 1503 1610 1546 vera
1653 1481 1908 1546 ratione
1958 1479 2385 1544 defenderem.
2472 1477 2675 1542 Absit
2722 1481 2945 1542 autem
2990 1481 3065 1542 ut
3108 1477 3191 1544 sic

1103 1581 1378 1668 injurier
1453 1583 1618 1670 paci,
1675 1585 1850 1670 quod
1925 1605 2003 1648 ea
2078 1583 2265 1650 velut
2338 1583 2533 1668 pallio
2612 1585 2955 1670 contegam
3024 1581 3189 1668 pacis

1105 1689 1492 1754 dilationem
1551 1693 1622 1752 et
1683 1687 2023 1754 discordiae
2066 1685 2385 1768 fomitem,
2432 1691 2499 1752 et
2546 1709 2689 1752 eam
2740 1707 2937 1774 quam
2984 1685 3189 1752 omnia

1105 1795 1444 1878 appetunt,
1493 1791 1910 1878 omniumque
1958 1791 2257 1856 laborum
2322 1797 2421 1856 est
2486 1791 2653 1868 finis',
2724 1813 2763 1856 a
2826 1811 2929 1854 me
2974 1793 3189 1876 sponte

1107 1897 1402 1982 elongem
1447 1895 1820 1980 ordinisque
1867 1893 2417 1982 tranquillitatem
2482 1893 2743 1960 traham
2808 1893 2883 1958 in
2948 1899 3189 1980 pertur-

1109 1999 1454 2064 bationem.
1549 1999 1660 2064 Ad
1727 1997 1846 2064 hoc
1913 2005 2139 2064 autem
2200 1999 2379 2084 quod
2424 2001 2891 2082 consequenter
2934 1997 3189 2082 subjun-

1105 2103 1268 2190 gitis
1311 2103 1382 2166 in
1425 2103 1620 2166 litera
1649 2105 1884 2180 vestra,
1917 2101 2245 2180 videlicet,
2280 2103 2457 2188 quod
2496 2103 2649 2166 lieet
2694 2123 2827 2166 non
2872 2121 3187 2188 possemus

1105 2207 1448 2272 convenire
1513 2205 1618 2270 die
1685 2209 1938 2270 statuto
2004 2205 2183 2292 apud
2228 2205 2647 2284 Dunelmum‚
2700 2205 2889 2292 potui
2954 2211 3183 2284 tamen,

1103 2311 1160 2374 si
1221 2309 1386 2374 mihi
1451 2307 1748 2396 placeret,
1819 2309 1995 2374 diem
2058 2307 2423 2374 citeriorem
2486 2307 2571 2372 ad
2634 2307 3047 2372 tractandum
3112 2307 3187 2372 de

1103 2435 1260 2498 pace
1309 2413 1500 2478 vobis
1535 2411 1967 2490 constituisse,
2018 2409 2323 2476 videlicet
2370 2415 2523 2476 ante
2570 2409 2813 2474 Natale
2852 2409 2991 2496 jam
3030 2433 3185 2496 prae-

1103 2517 1394 2596 teritum,
1445 2517 1554 2582 vel
1621 2515 1850 2582 statim
1925 2519 2117 2604 post3
2192 2515 2569 2604 respondeO,
2632 2513 2809 2600 quod
2854 2519 3187 2602 postquam.

1103 2621 1522 2686 firmaveram
1587 2619 1993 2708 propositum
2050 2621 2131 2684 de
2192 2643 2457 2706 peregre
2522 2619 3003 2706 proficiscendO,
3062 2641 3187 2684 non

1103 2727 1292 2812 potui
1337 2729 1496 2790 ante
1553 2725 1794 2790 Natale
1839 2723 2031 2790 vobis
2094 2721 2323 2810 [apud]
2386 2723 2789 2788 Dunelmum
2834 2721 3183 2802 occurrisse,

1105 2851 1254 2892 cum
1329 2851 1448 2916 pro
1523 2829 1834 2914 temporis
1921 2827 2271 2908 brevitate,
2348 2831 2495 2892 tum
2580 2849 2697 2912 pro
2788 2827 3187 2912 negotiorum

1105 2933 1346 2998 arctius
1421 2931 1798 3018 urgentium
1873 2931 2313 3018 occupatione.
2410 2931 2873 3018 Disposueram
2940 2953 3183 3018 quoque

1105 3035 1332 3102 statim
1379 3039 1526 3122 post
1571 3033 2011 3120 Epiphaniam
2056 3033 2183 3100 iter
2226 3033 2769 3120 peregrinationis
2812 3033 3185 3120 arripuisse;

1105 3141 1172 3202 et
1217 3137 1414 3224 hujus
1457 3139 1554 3204 rei
1597 3141 1798 3204 testes
1841 3137 1975 3204 mei
2022 3143 2181 3204 sunt
2208 3137 2339 3202 viri
2386 3139 2609 3226 magni
2654 3139 2785 3204 fide
2814 3137 3177 3224 dignissimi,

1105 3243 1288 3306 omni
1331 3241 1604 3326 majores
1649 3241 2045 3328 exceptione.
2138 3241 2513 3308 Adnectitis
2556 3247 2777 3306 autem
2844 3265 2945 3306 me
3006 3247 3183 3328 potu-

1105 3345 1228 3410 isse
1295 3345 1374 3408 de
1443 3345 1616 3410 facili
1661 3345 2079 3410 voluntatem
2122 3367 2337 3408 meam
2380 3345 2741 3410 literatorie
2788 3343 3181 3432 significasse,

1105 3453 1174 3514 et
1217 3471 1356 3534 non
1401 3449 1768 3534 exprimitis
1813 3471 2009 3534 super
2054 3471 2183 3536 qua
2226 3471 2297 3514 re
2338 3449 2701 3516 voluntatis
2746 3471 2907 3516 meae
2952 3449 3183 3536 signifi-

1107 3551 1430 3616 cationem
1473 3551 1886 3638 intelligitis:
1956 3553 2129 3618 unde
2194 3573 2343 3618 cum
2396 3573 2529 3618 non
2596 3553 2803 3640 possit
2848 3551 3185 3640 significari

1103 3656 1414 3720 voluntas
1487 3655 1616 3720 nisi
1705 3675 1898 3740 super
1974 3677 2043 3720 re
2120 3661 2311 3734 certa,
2388 3657 2751 3742 cujusmodi
2838 3655 3185 3720 voluntatis

1103 3757 1646 3846 significationem
1691 3757 1766 3822 in
1811 3759 2127 3846 praedicto
2170 3759 2371 3824 verbo
2416 3759 2889 3840 intellexeritis,
2936 3759 3185 3826 omnino

1103 3885 1236 3928 non
1297 3861 1634 3948 intellig03
1703 3861 1858 3948 quia
1903 3883 2021 3926 nec
2080 3861 2205 3926 hoc
2262 3867 2481 3948 potest
2538 3863 2827 3950 intelligi
2874 3885 2955 3928 ex
3000 3863 3187 3928 verbo

1103 3967 1438 4054 praedicto.
1531 3965 1642 4030 Ad
1685 3963 1824 4030 hoc'
1853 3969 2075 4030 autem
2124 3965 2299 4052 quod
2344 3965 2745 4046 subinfertis,
2822 3987 2927 4032 me
3000 3967 3185 4032 talem

1103 4073 1592 4156 procuratorem
1667 4067 1957 4154 potuisse
2034 4067 2301 4146 misisse,
2378 4071 2639 4154 qualem
2712 4071 2891 4158 apud
2964 4071 3187 4134 Sarum

1101 4173 1366 4238 mittere
1455 4171 1778 4260 proposui,
1855 4173 2229 4258 respondeO,
2308 4173 2481 4258 quod
2558 4173 3007 4238 ordinaveram
3090 4195 3187 4236 me

1103 4275 1454 4340 missurum
1499 4273 1736 4340 Sarum
1781 4275 2001 4340 virum
2046 4275 2375 4362 quendam
2420 4297 2749 4362 magnum,
2796 4297 2929 4340 non
2978 4274 3183 4362 litiga-

1103 4383 1316 4444 torem
1375 4379 1490 4444 sed
1555 4379 1730 4464 pacis
1789 4383 2163 4460 amatorem,
2232 4401 2349 4464 per
2414 4401 2607 4464 quem
2670 4379 2925 4466 speravi
2990 4379 3187 4444 modis

1105 4481 1408 4546 omnibus
1451 4503 1678 4568 pacem
1727 4481 1904 4546 inter
1966 4501 2085 4544 nos
2150 4481 2289 4546 fore
2356 4481 2881 4562 reformandam;
2926 4481 3003 4548 de
3048 4503 3183 4566 quc,

1105 4585 1178 4650 in
1239 4605 1396 4670 pace
1457 4581 1886 4662 reformanda,
1956 4605 2155 4668 quam
2218 4583 2301 4650 de
2368 4585 2499 4650 alio
2560 4583 2873 4668 majorem
2940 4581 3185 4670 portavi

1255 4747 1440 4752 .--—...---
1463 4749 1488 4752 ..
1525 4747 1580 4752 .-..
1645 4747 1674 4752 ..,.
1691 4749 1698 4754 .
1719 4747 1730 4754 μ
1753 4749 1758 4752 -
1783 4747 1832 4754 -—·
1853 4745 2107 4754 ..—-—---„-—..—.

1659 4827 1672 4858 ¹
1711 4827 1967 4894 tenderem]
2006 4831 2223 4890 tandem,
2248 4827 2447 4896 C.C.C.,
2472 4831 2571 4884 Ox,
