3875 5734
1563 805 1916 858 Eris‘rOLAE.
2658 801 2685 862 1
2702 801 2783 868 93

725 977 922 1070 posita
965 977 1302 1058 contraria,
1337 981 1734 1048 misericordi
1777 981 2127 1050 severitate
2174 983 2589 1070 repellentes;
2634 983 2789 1070 quia

723 1107 848 1152 non
909 1085 1120 1152 minus
1181 1087 1618 1174 reputandum
1691 1089 1790 1152 est
1865 1085 2271 1166 beneficium,
2328 1089 2499 1172 quod
2572 1087 2789 1152 minus

715 1193 880 1282 juste
937 1191 1040 1258 vel
1099 1191 1316 1256 minus
1379 1191 1648 1256 honeste
1717 1191 1983 1278 petitur,
2050 1213 2183 1254 non
2246 1211 2543 1268 annuere,
2594 1213 2787 1278 quam

717 1299 882 1388 juste
955 1303 1020 1364 et
1093 1299 1362 1364 honeste
1427 1295 1712 1386 petitum
1791 1293 2151 1362 concedere.
2264 1293 2789 1362 Incolumitatem

723 1408 994 1472 vestram
1037 1407 1370 1470 conservet
1415 1401 1814 1482 AltissimuS,
1861 1421 1981 1488 per
2022 1403 2321 1486 tempora
2368 1397 2583 1488 longa,
2626 1399 2791 1464 mihi

725 1515 786 1578 et
827 1509 1118 1578 Ecclesiae
1139 1543 1144 1546 ·
1163 1531 1312 1576 suae.

1667 1783 1868 1850 LXV.

741 1935 1106 2002 Venerabili
1169 1935 1258 2002 in
1331 1935 1598 2002 Christo
1657 1933 1858 2022 patri
1901 1933 2325 2012 RaimundO,
2368 1933 2499 2000 Dei
2562 1935 2793 2020 ⁹qratia
2888 1949 3009 1996 1239
3032 1947 3057 1998 Ρ

887 2039 1122 2106 Sancti
1209 2037 1568 2106 Eustachii
1655 2037 1934 2106 diacono
2012 2037 2383 2118 cardinali,
2460 2037 2793 2106 Robertus

891 2143 1316 2210 miseratione
1349 2141 1598 2208 divina
1627 2143 2139 2210 Lincolnicnsis
2172 2143 2387 2210 ecclesi
2394 2167 2449 2210 σε
2476 2143 2793 2212 ‘minister

889 2247 1190 2330 humilia
1245 2247 1548 2330 ecditiam,
1597 2253 1654 2312 ct
1699 2269 1910 2336 quam
1970 2247 2261 2314 debitam
2304 2255 2451 2316 tam
2492 2247 2793 2316 devotam

891 2373 1044 2420 cum
1089 2353 1284 2420 omni
1329 2349 1702 2420 reverentia
1747 2351 2217 2418 obedientiam.

763 2599 768 2604 ⁸
809 2521 906 2586 De
949 2527 1162 2588 vestra
1205 2521 1626 2608 promotione,
1673 2519 1842 2586 sicut
1907 2517 2265 2584 literatorie
2310 2517 2603 2606 rogastis„
2648 2541 2793 2606 gra-
2820 2545 3095 2610 Congratu-

731 2625 848 2690 tias
891 2625 1280 2690 exsolvimus
1327 2625 1610 2688 Domino
1679 2623 1726 2688 J
1731 2645 1844 2688 esu
1913 2623 2191 2702 Christe,
2238 2625 2571 2708 sperantes
2620 2625 2793 2710 quod
2820 2613 2941 2664 lates
2964 2614 3121 2664 cardi-

731 2729 940 2794 eadem
971 2729 1058 2794 sit
1093 2751 1228 2794 non
1271 2735 1544 2808 mortua,
1595 2727 1710 2792 sed
1751 2727 1912 2792 viva
1956 2727 2319 2816 promotio:
2370 2731 2529 2792 tunc
2576 2731 2793 2790 autem
2818 2681 3057 2798 lilldnldagd

729 2837 820 2898 est
879 2835 1192 2918 promotio
1263 2833 1436 2914 viva,
1515 2853 1662 2898 eum
1727 2829 2129 2916 potestativa
2196 2829 2483 2916 dignitas
2546 2835 2795 2916 tempo·
2816 2817 3123 2934 ffgnpgssffo‘

729 2937 940 3000 raliter
995 2937 1352 3000 transitura
1415 2937 1752 3000 animatur
1811 2933 2179 3000 elevatione
2250 2935 2513 3020 spiritus
2558 2933 2631 2998 in
2676 2935 2793 3000 im-
2818 2921 2971 3028 hqpsss
2994 2951 3059 3000 he

731 3039 1058 3106 mutabilia
1079 3039 1100 3076 ¹
1129 3065 1144 3122 3
1189 3045 1268 3104 ut
1297 3045 1618 3126 quantum
1657 3037 1772 3124 qui
1815 3041 2153 3126 promotus
2196 3043 2307 3116 est,
2344 3037 2543 3126 priori
2590 3039 2795 3104 statui
2818 3019 3123 3136 llllsucilggin

731 3143 1160 3232 supereminet,
1223 3141 1598 3230 adquaesitis
1633 3145 1963 3230 potestate
2008 3147 2075 3208 et
2122 3141 2463 3228 dignitate,
2508 3147 2791 3224 tantum,
2820 3153 2905 3204 the
2926 3153 3121 3204 Roman

731 3249 852 3312 imo
921 3247 1508 3334 incomparabiliter
1581 3245 1880 3334 amplim,
1950 3245 2239 3330 ejusdem
2312 3245 2577 3332 spiritus
2642 3249 2791 3312 sub-
2816 3229 2971 3272 ⁰⁰³⁸·

731 3351 980 3416 limetur
1045 3351 1238 3416 solius
1313 3349 1710 3416 aeternitatis
1783 3349 2227 3436 super-fervido
2302 3371 2535 3430 amore,
2570 3393 2573 3396 -
2606 3355 2793 3416 aeter-

729 3475 944 3518 norum
987 3453 1320 3540 perspicua
1349 3451 1914 3540 contemplatione,
1946 3453 2471 3518 transitoriorum
2502 3453 2789 3516 omnium

729 3555 1136 3642 despectione,
1181 3561 1250 3620 et
1291 3577 1424 3620 non
1469 3555 1624 3620 ficta
1665 3553 2123 3620 humiliatione
2184 3555 2389 3620 animi
2436 3555 2515 3620 de
2562 3557 2791 3622 timore

729 3657 980 3744 periculi
1023 3679 1108 3722 ex
1151 3657 1566 3724 collocatione
1609 3657 1680 3720 in
1725 3657 1932 3744 gradu
1970 3657 2253 3738 sublimi,
2286 3657 2367 3722 de
2410 3679 2537 3744 quo
2582 3659 2789 3744 gradu

731 3759 1012 3824 imminet
1053 3759 1262 3846 major
1303 3759 1578 3826 cadendi
1619 3759 1898 3826 facilitas
1944 3765 2013 3828 et
2058 3759 2339 3826 laesionis
2384 3761 2457 3824 in
2502 3761 2787 3826 cadendo

731 3863 1022 3948 gravitas
1071 3885 1218 3930 cum
1263 3865 1360 3930 ibi
1403 3867 1544 3952 plus
1591 3867 1828 3930 tonent
1871 3867 2243 3950 potentium
2286 3865 2495 3942 minae,
2544 3863 2787 3928 violen-

733 3965 858 4030 tius
919 3965 1268 4032 fulminent
1285 3965 1310 4002 2
1367 3965 1718 4032 eorundem
1779 3973 2071 4046 terroreS,
2118 3967 2349 4032 fortius
2392 3967 2749 4052 impulsant
2762 3963 2789 4000 3

731 4069 1226 4154 temptationum
1269 4071 1484 4150 flatus,
1533 4075 1602 4136 et
1631 4071 2055 4134 lubricantior
2100 4071 2189 4134 sit
2232 4069 2415 4156 pedis
2466 4071 2625 4134 fixio
2670 4071 2789 4134 hu-

731 4177 998 4238 mectato
1037 4173 1176 4238 loco
1221 4173 1604 4240 divitiarum
1663 4173 1971 4238 affluente
2026 4173 2181 4252 luto,
2244 4173 2361 4236 ubi
2418 4173 2553 4238 sola
2616 4195 2789 4236 secu-

731 4275 878 4340 ritas
941 4281 1040 4340 est
1099 4299 1434 4362 nunquam
1479 4299 1616 4344 esse
1659 4297 1971 4354 securum,
2014 4275 2127 4340 sed
2168 4297 2417 4362 semper
2474 4275 2787 4362 pavidum

731 4385 792 4446 et
831 4383 1232 4462 trementem,
1277 4385 1346 4446 et
1409 4401 1556 4446 cum
1619 4379 1860 4446 afflicto
1901 4377 1951 4442 J
1954 4379 2055 4460 ob,
2102 4377 2343 4444 omnia
2402 4399 2603 4464 opera
2662 4401 2791 4444 sua
2816 4399 2933 4454 Job.
2956 4397 3119 4446 1:228,

795 4693 882 4744 'in
923 4689 1260 4760 immutabilia]
1307 4707 1412 4744 non
1455 4689 1508 4744 in
1545 4695 1706 4742 muta-
1801 4687 1822 4720 ²
1843 4683 2133 4754 fulminent]
2170 4683 2445 4748 fiilmineat,
2470 4683 2663 4746 O.c.c.,
2692 4683 2789 4734 Ox.

735 4773 862 4840 bilia,
889 4775 984 4828 Ox.
1805 4769 1826 4798 ³
1847 4767 2133 4834 impulsam]
2170 4767 2439 4832 impellant,
2466 4767 2563 4816 Ox-

2482 4849 2529 4896 N
