3875 5734
1093 765 1220 832 156
1727 777 2023 828 RoBERri
2068 775 2525 828 Gnosssrssrs

1085 959 1318 1028 heret1
1399 957 1864 1026 humiditatem
1925 981 2041 1026 seu
2104 981 2449 1042 mucorem,
2496 957 2675 1026 unde
2718 959 3025 1028 reddatur
3062 963 3161 1026 vel

1085 1065 1298 1152 turpis
1359 1069 1630 1152 aspectu
1703 1065 1810 1132 vel
1883 1065 2111 1152 gustui
2200 1065 2669 1132 abominabilis
2806 1065 3159 1132 Sacerdotes

1083 1177 1308 1236 autem
1337 1171 1810 1260 promptissimi
1853 1171 1989 1236 sint
2036 1175 2105 1236 et
2148 1169 2561 1258 paratissimi,
2610 1193 2743 1236 non
2790 1173 2993 1236 solum
3036 1171 3159 1236 die—

1083 1277 1206 1342 bus
1271 1275 1384 1342 sed
1447 1281 1516 1344 et
1573 1277 1892 1358 noctibus,
1958 1281 2037 1344 ut
2082 1281 2495 1366 aegrotantes„
2544 1299 2691 1342 cum
2738 1275 3157 1362 requiruntur,

1083 1383 1398 1462 visitent;
1461 1405 1546 1450 ne
1609 1405 1830 1450 eorum
1893 1383 2313 1470 negligentia,
2386 1383 2557 1470 quod
2628 1383 2811 1464 absit,
2860 1383 3159 1448 moriatur

1083 1487 1386 1554 infirmus
1449 1489 1586 1554 sine
1657 1487 2055 1556 confessione
2118 1493 2235 1554 aut
2282 1487 2613 1554 Dominici
2682 1487 2957 1576 corporis
3000 1495 3175 1554 com-'

1085 1593 1398 1660 munione
1421 1593 1462 1672 2,
1529 1599 1648 1660 aut
1711 1593 2021 1658 unctione
2076 1599 2385 1658 extrema.
2512 1593 2945 1680 Superaltaria
3016 1613 3159 1680 quo-

1085 1721 1212 1788 que
1279 1699 1416 1766 sint
1477 1701 1752 1764 honesta
1811 1701 1880 1764 et
1944 1697 2363 1786 congruentis
2438 1697 2925 1788 magnitudinis
2970 1695 3159 1764 firmi-

1085 1811 1316 1892 terque
1357 1807 1496 1870 fixa
1523 1805 1596 1870 in
1643 1803 2081 1870 circumdante
2128 1803 2309 1890 ligno
2356 1809 2437 1870 ut
2478 1827 2613 1870 non
2660 1809 3039 1872 moveantur
3078 1805 3153 1870 ab

1085 1911 1244 1998 ipso,
1291 1931 1502 1998 neque
1547 1915 1943 1998 usurpentur
1986 1909 2073 1974 ad
2118 1909 2281 1976 alios
2324 1931 2481 1974 usus
2548 1933 2745 1998 quam
2794 1911 2879 1974 ad
2922 1909 3157 1976 divino-

1085 2039 1232 2084 rum
1279 2013 1792 2094 celebrationem,
1839 2019 1920 2080 ut
1962 2013 2271 2082 videlicet
2316 2037 2451 2082 non
2496 2015 2823 2082 molantur
2866 2039 3047 2104 super
3090 2039 3159 2082 ea

1085 2121 1340 2198 coloreS,
1391 2121 1498 2184 vel
1545 2119 1676 2184 alia
1739 2119 1910 2184 fiant
1954 2121 2027 2184 in
2076 2119 2169 2186 eis
2228 2121 2601 2186 consimilia.
2714 2121 2923 2186 Panni
2974 2121 3159 2186 etiam

1085 2225 1460 2292 chrismales
1523 2223 1590 2290 in
1651 2247 1804 2292 usus
1883 2223 2199 2292 seculares
2278 2247 2415 2292 non
2494 2231 2967 2294 convertantur.
3080 2225 3159 2292 In

1087 2331 1354 2396 ecclesia
1415 2351 1670 2418 quoque
1731 2331 2037 2396 divinum
2090 2331 2373 2396 officium
2392 2331 2417 2368 3
2478 2331 2733 2418 integre
2778 2331 2895 2396 fiat
2944 2337 3009 2398 et
3056 2331 3159 2396 de-

1085 2441 1240 2502 vote
1271 2459 1286 2518 ;
1327 2441 1408 2502 ut
1457 2435 1764 2502 videlicet
1791 2435 2121 2518 lectioneS,
2154 2435 2407 2524 hymni,
2462 2437 2709 2524 psalmi,
2760 2439 2823 2502 et
2872 2437 2997 2502 alia
3024 2459 3157 2524 quae

1087 2541 1160 2606 in
1207 2541 1332 2608 Dei
1385 2541 1646 2608 laudem
1693 2541 2055 2608 recitantur
2106 2541 2177 2606 in
2220 2541 2505 2622 ecclesia,
2536 2541 2859 2630 integram
2890 2541 3159 2608 habeant

1085 2647 1436 2712 verborum
1475 2647 1918 2734 prolationem,
1968 2645 2337 2734 mentisque
2388 2647 2475 2712 ad
2526 2669 2751 2712 sensus
2794 2647 3119 2712 verborum
3136 2643 3159 2684 4

1089 2751 1400 2818 devotam
1459 2751 1934 2832 attentionem3
1998 2773 2097 2830 ne,
2152 2751 2327 2838 quod
2376 2751 2571 2832 absit,
2634 2773 2751 2838 pro
2808 2751 3017 2816 hostia
3066 2751 3159 2816 in-

1087 2863 1276 2946 tegra
1335 2861 1404 2922 et
1463 2857 1622 2922 viva
1681 2857 1993 2922 offeratur
2046 2855 2261 2922 hostia
2322 2855 2647 2936 mutilata,
2708 2857 2813 2922 vel
2830 2853 2859 2892 5
2902 2861 3155 2922 mortua

1091 2961 1336 3028 Omnes
1391 2985 1650 3048 quoque
1699 2965 1989 3048 pastores
2044 2961 2409 3026 animarum
2456 2967 2525 3026 et
2584 2961 2937 3028 sacerdotes
2994 2983 3161 3048 paro-

1091 3065 1350 3148 chiales,
1413 3065 1624 3132 finitis
1687 3065 1758 3132 in
1819 3065 2085 3132 ecclesia
2144 3065 2389 3132 divinis
2448 3065 2689 3146 officiis„
2774 3065 3045 3132 orationi
3098 3067 3159 3132 et

1091 3171 1358 3236 lectioni
1419 3171 1632 3238 Sacrae
1695 3171 2053 3258 Scripturee
2112 3171 2463 3260 diligenter
2524 3171 2889 3250 intendant,
2934 3177 3011 3236 ut
3058 3191 3163 3258 per

1091 3275 1432 3364 scripturae
1491 3275 2017 3362 intelligentiam,
2074 3277 2243 3342 sicut
2304 3277 2391 3342 ad
2442 3299 2663 3344 eorum
2712 3275 2993 3364 pertinet
3038 3273 3161 3342 offi-

1091 3381 1286 3460 cium,
1347 3381 1564 3468 parati
1623 3381 1758 3446 sint
1817 3401 2069 3468 semper
2124 3381 2207 3446 ad
2262 3381 2765 3448 satisfactionem
2818 3381 2989 3446 omni
3034 3405 3163 3470 pos-

1093 3485 1268 3552 centi
1315 3485 1634 3552 rationem
1689 3487 1766 3552 de
1815 3507 1928 3572 spe
1980 3491 2049 3552 et
2102 3487 2233 3552 fide
2268 3513 2281 3568 ;
2346 3487 2607 3574 sintque
2660 3507 2907 3574 semper
2946 3487 3161 3552 inserti

1093 3591 1166 3656 in
1211 3591 1510 3658 doctrina
1541 3597 1606 3656 et
1661 3591 2037 3678 operatione
2084 3591 2441 3678 Scripturae
2490 3603 2805 3678 tanquam
2848 3597 3057 3658 vectes
3098 3593 3163 3658 in

1091 3697 1352 3762 annulis
1407 3719 1590 3778 arcae,
1647 3701 1722 3762 ut
1751 3695 2019 3762 assidua
2048 3695 2337 3776 lectione,
2388 3697 2601 3762 veluti
2652 3695 2967 3762 cotidiano
3016 3697 3161 3774 cibo,

1093 3801 1314 3868 alatur
1371 3807 1442 3866 et
1499 3801 1882 3888 pinguescat
1944 3801 2169 3866 oratic.
2262 3801 2663 3868 Provideant
2714 3801 2909 3868 etiam
2964 3807 3164 3868 atten-

1093 3893 1228 3972 tius
1291 3907 1700 3972 ecclesiarum
1757 3909 2037 3972 rectores
2100 3911 2169 3972 et
2228 3907 2589 3972 sacerdotes
2636 3907 3037 3994 parochiales
3092 3909 3165 3972 ut

1093 4011 1280 4098 pueri
1307 4013 1760 4098 parochiarum
1791 4033 2057 4078 suarum
2102 4011 2457 4100 diligenter
2488 4011 2839 4078 doceantur
2868 4017 2933 4078 et
2972 4013 3163 4078 sciant

1095 4117 1456 4182 orationem
1515 4115 1947 4198 Dominicam,
2018 4119 2087 4182 et
2154 4117 2547 4204 symbolum,
2596 4121 2667 4182 et
2724 4117 3163 4182 salutationem

1091 4221 1304 4290 beatae
1357 4221 1670 4310 Virginis,
1725 4227 1792 4288 et
1841 4221 2049 4288 crucis
2094 4221 2425 4310 signaculo
2472 4245 2541 4288 se
2590 4227 2763 4288 recte
2798 4223 3163 4308 consignare.

1097 4387 1234 4394 —

1167 4501 1180 4530 ¹
1211 4499 1534 4568 contraheret]
1557 4499 1874 4560 contraxerit,
1895 4497 2091 4556 C.C.c.,
2260 4503 2279 4532 ⁸
2312 4503 2547 4570 officium]
2586 4501 2857 4564 servitium,
2884 4501 2983 4554 Sid.

1097 4581 1198 4634 Ox,

1163 4665 1184 4694 2
1205 4665 1548 4732 commuuione]
1621 4661 2091 4724 communicatione,
2262 4629 2281 4660 ⁴
2312 4627 2583 4694 verborum]
2622 4643 2719 4678 om.
2742 4623 2919 4680 C.C.C.

1097 4747 1202 4802 Sid.
2262 4751 2283 4782 ⁵
2316 4747 2415 4818 vel]
2450 4755 2515 4810 et,
2538 4745 2643 4800 sid.
