3875 5734
765 1833 848 1884 As
867 1835 1038 1888 David

765 1903 934 1952 would
947 1911 1036 1954 not

763 1969 892 2018 have
911 1971 1040 2022 been

763 2037 1006 2088 hindei-ed

763 2103 818 2152 in
841 2103 1038 2154 defend-

765 2169 858 2232 ing
877 2169 956 2220 his

763 2235 898 2286 fiock
919 2237 992 2302 by

767 2301 854 2352 the
875 2301 1016 2370 shep-

1093 781 1224 846 386
1743 797 2037 876 RoBERrr
2082 799 2539 848 Gnossn'rns'rn

1093 987 1318 1054 vitiosi
1361 991 1532 1066 sunt,
1549 989 1794 1056 baculo
1841 991 2165 1080 pastorali,
2196 991 2267 1056 id
2312 993 2427 1070 est,
2476 989 2687 1076 rigore
2734 989 3171 1058 ecclesiasticae

1097 1091 1470 1180 disciplinae,
1517 1095 1938 1178 percutiendo
1984 1099 2051 1160 et
2094 1095 2425 1182 puniendo
2454 1119 2469 1174 3
2514 1097 2583 1158 et
2626 1093 2721 1160 sic
2762 1093 2843 1158 de
2874 1095 3179 1180 voragine

1097 1197 1414 1262 vitiorum
1491 1201 1558 1262 et
1629 1205 1959 1286 potestate
2034 1199 2277 1266 diaboli
2346 1219 2583 1276 eruere,
2650 1197 2793 1262 etsi-
2838 1203 3179 1284 consurgat

1097 1301 1460 1368 adversitas
1531 1305 1846 1368 suscitata
1911 1325 2027 1388 per
2088 1302 2421 1368 diabolum
2484 1299 2799 1364 adversus
2840 1297 3179 1386 praelatum

1097 1409 1442 1472 conantem
1489 1407 1736 1494 eripere
1779 1407 2069 1470 anima-m
2114 1407 2195 1472 de
2238 1395 2437 1484 vitiis,
2500 1425 2585 1468 ne
2628 1401 2835 1490 possit
2874 1425 2991 1488 per
3032 1425 3179 1468 eum

1097 1511 1302 1600 eripi3
1369 1513 1560 1576 tanto
1635 1509 1868 1576 fortius
1931 1509 2403 1596 apprehendere
2466 1507 2661 1572 debet
2724 1505 3047 1596 praelatus,
3110 1511 3179 1572 et

1097 1615 1438 1686 adnullare
1503 1635 1760 1680 omnem
1859 1613 2301 1680 adversariam
2388 1617 2781 1700 potestatem
2874 1611 3177 1678 adversus

1101 1719 1532 1786 salvationem
1579 1717 1945 1782 animarum
1990 1737 2055 1782 se
2100 1715 2539 1782 extollentem.

1189 1825 1410 1894 David
1461 1825 1534 1888 in
1585 1825 1850 1912 propria
1889 1845 2167 1912 persona
2210 1825 2487 1914 propriis
2516 1825 2769 1890 viribus
2800 1823 3179 1914 proprioque

1097 1931 1318 1996 labore
1391 1927 1708 2012 praedicta
1763 1927 2097 1992 faciebatl.
2220 1929 2377 1994 Non
2428 1929 2637 2016 igitur
2688 1951 2803 2016 per
2862 1927 3179 2016 subjectos

1099 2035 1228 2100 sibi
1271 2035 1568 2120 pastores
1619 2031 1844 2110 solum,
1875 2037 1957 2096 ut
2010 2031 2217 2112 aiunt,
2252 2031 2367 2098 sed
2396 2037 2465 2098 et
2496 2055 2613 2118 per
2640 2033 2919 2118 seipsum
2964 2037 3181 2118 potest

1097 2141 1164 2202 et
1211 2137 1406 2202 debet
1455 2133 1790 2222 episcopus
1841 2135 2093 2200 animas
2142 2135 2223 2202 de
2274 2157 2471 2222 grege
2526 2135 2851 2202 dominico
2898 2135 3181 2202 sublatas

1097 2263 1212 2328 per
1259 2237 1754 2306 ecclesiasticam
1807 2239 2217 2326 disciplinam
2264 2241 2553 2306 liberare.
2646 2239 3053 2308 Credendum
3084 2245 3181 2304 est

761 2369 1076 2422 herdsunder
1097 2343 1274 2430 quod
1331 2341 1614 2406 multum
1645 2349 2043 2430 acceptasset
2100 2343 2343 2424 David,
2376 2343 2433 2408 si
2484 2343 2629 2430 quis
2690 2343 2771 2408 de
2816 2343 3179 2430 pastoribus

761 2435 884 2496 him,

1097 2447 1226 2514 sibi
1273 2445 1560 2512 subditis
1577 2445 1622 2526 2,
1667 2447 1995 2532 adjunctis
2056 2445 2127 2512 in
2174 2445 2277 2512 sui
2330 2447 2541 2512 oneris
2588 2445 3069 2513 alleviationem
3096 2449 3181 2512 ad

1095 2551 1490 2640 pascendum
1547 2573 1828 2640 gregem,
1893 2551 2175 2616 arietem
2232 2573 2271 2616 a
2330 2551 2515 2618 leone
2574 2550 2681 2616 vel
2726 2573 2877 2616 urso
2922 2555 3177 2640 captum

1097 2655 1176 2722 dc
1229 2677 1340 2722 ore
1389 2675 1622 2720 corum
1681 2653 1973 2736 eruisset,
2022 2661 2091 2722 et
2148 2655 2365 2742 ipsum
2412 2655 2637 2720 David
2704 2655 2779 2720 in
2844 2655 2965 2720 hoc
3018 2677 3181 2742 pree·

1097 2761 1398 2826 venisset.
1489 2757 1620 2826 Sed
1671 2759 1832 2846 quid
1877 2765 2071 2848 putas
2112 2759 2389 2840 fecisset,
2446 2759 2501 2826 si
2548 2759 2633 2824 ad
2676 2781 2937 2848 gregem
3004 2761 3183 2826 veni-

1097 2865 1238 2930 enti
1297 2869 1364 2930 et
1427 2865 1680 2930 leonem
1739 2871 1800 2930 ct
1843 2885 2091 2930 ursum
2142 2865 2477 2930 tollentem
2520 2863 2799 2930 arietem
2844 2865 2923 2930 de
2964 2863 3181 2930 medio

1099 2967 1322 3052 97269238
1395 2967 1670 3048 videnti,
1731 2967 2103 3054 statimque,
2166 2971 2243 3032 ut
2304 2967 2385 3034 de
2430 2989 2539 3034 ore
2600 2989 2835 3034 emnem
2924 2973 3181 3056 captum

1097 3075 1352 3136 erueret
1431 3071 1718 3150 arietem,
1801 3071 2101 3158 persequi
2162 3075 2229 3136 et
2286 3075 2619 3156 percutere
2690 3071 2967 3150 conanti,
3058 3071 3181 3156 ipsi

1093 3179 1382 3260 pastores
1431 3173 1556 3240 sibi
1593 3175 1842 3240 subditi
1871 3175 2145 3242 elevatis
2188 3175 2455 3258 baculis,
2508 3175 2831 3242 concitato
2892 3175 3181 3240 tumultu

1095 3281 1164 3342 et
1193 3275 1488 3358 clamore,
1519 3279 1772 3344 viribus
1817 3279 2117 3344 omnibus
2166 3279 2611 3344 restitissent?
2700 3277 3021 3364 Nunquid
3048 3301 3177 3342 non
3258 3333 3265 3342 .

1093 3379 1204 3446 ille
1235 3403 1436 3444 manu
1477 3379 1684 3466 fortis,
1715 3385 1832 3448 aut
1861 3387 2055 3468 pater
2106 3381 2263 3468 ejus
2314 3383 2497 3470 cujus
2550 3405 2811 3470 gregem
2856 3383 3177 3468 pascebat,

1091 3483 1232 3550 haee
1275 3507 1642 3572 agnoscens,
1675 3491 1898 3552 tantos
1944 3493 2443 3576 praesumptores
2484 3509 2619 3552 non
2662 3493 2799 3552 tam
2846 3487 3183 3574 disciplina

1097 3589 1446 3654 verborum
1489 3611 1688 3674 quam
1733 3591 2079 3656 verberum
2122 3591 2359 3656 acriter
2388 3591 2843 3678 corripuisset?
2932 3589 3003 3656 Si
3030 3591 3183 3656 fuis·

1097 3695 1244 3758 sent
1321 3693 1448 3758 sibi
1519 3693 1592 3756 in
1667 3693 2139 3760 adminiculum
2210 3693 2521 3782 pascendi
2594 3693 2809 3780 gregis
2898 3693 3183 3780 adjuncti

1093 3799 1400 3882 pastoreS,
1469 3795 1682 3862 zelum
1755 3797 1987 3864 salutis
2060 3797 2287 3864 ovium
2380 3799 2715 3878 habentes,
2794 3801 2861 3864 et
2936 3797 3029 3864 leo
3084 3797 3183 3864 vel

1093 3921 1300 3966 ursus
1373 3899 1624 3968 tolleret
1669 3901 1967 3982 arietem,
2042 3903 2185 3990 ipso
2246 3901 2469 3968 David
2530 3903 3023 3990 superveniente
3078 3899 3185 3966 vel

1001 3997 1006 4002 ⁹
1097 4009 1436 4092 praesente,
1469 4005 1686 4092 ipsum
1715 4005 1938 4074 Dav-id
1968 4005 2223 4092 magnis
2256 4005 2641 4072 clamoribus
2670 4029 2889 4072 omnes
2922 4003 3185 4092 compel-

1097 4109 1342 4174 lassent
1367 4107 1408 4188 3,
1455 4113 1536 4174 ut
1565 4111 1842 4198 ipsemet
1885 4109 1975 4176 ad
2022 4109 2379 4176 eruendum
2410 4109 2685 4176 arietem
2714 4109 2797 4176 de
2826 4131 2933 4176 ore
2960 4109 3183 4176 bestiae

1101 4219 1480 4294 accurreret,
1555 4217 1786 4302 utpote
1849 4213 1967 4300 qui
2026 4217 2167 4278 erat
2230 4213 2323 4278 eis
2386 4219 2455 4278 et
2514 4235 2709 4278 cursu
2770 4211 3047 4278 velocior
3120 4215 3187 4276 et

1103 4315 1640 4404 magnanimitate
1687 4317 2011 4398 audacior,
2058 4321 2127 4382 et
2170 4317 2245 4380 in
2288 4339 2511 4404 pugna
2538 4341 2685 4384 cum
2712 4317 2939 4382 bestiis
2982 4315 3183 4404 magis

1169 4577 1184 4606 ¹
1205 4575 1458 4642 faciebat]
1495 4591 1592 4626 om.
1617 4575 1792 4638 Trin.;
1827 4577 1957 4638 fecit,
1980 4577 2079 4628 Ox.
2254 4581 2275 4608 ⁴
2304 4577 2683 4644 compellassent]
2820 4579 3149 4642 repellassent,

1171 4657 1192 4686 ²
1223 4655 1454 4722 subditis]
1491 4657 1738 4720 subjectis,
1763 4657 1941 4710 C.c.c.
2190 4653 2331 4706 Trin.
2358 4677 2371 4716 ;
2406 4655 2773 4722 compulissent,
2796 4651 3005 4716 C.C.O2.

1171 4741 1192 4768 ³
1223 4737 1408 4802 eorum]
1447 4737 1660 4800 leonum,
1685 4737 1824 4788 Trin-
