3875 5734
1559 779 1910 832 Ems'roLAE.
2704 771 2787 836 89

719 969 782 1032 et
827 959 1060 1026 rationi
1109 957 1220 1046 jus
1283 957 1686 1040 canonicum,
1735 983 1864 1050 quo
1935 959 2345 1028 convincitur
2402 961 2793 1050 praedictum
2820 975 2887 1038 by
2910 987 3069 1026 canon

711 1065 1016 1158 judicium
1091 1089 1226 1134 esse
1297 1065 1644 1152 iniquum3
1705 1065 2087 1132 Alexander
2160 1065 2337 1132 enim
2408 1067 2647 1132 tertius
2722 1065 2795 1132 in

721 1173 1010 1242 decretali
1085 1171 1370 1260 quadam
1445 1171 1724 1260 epistola
1795 1177 1993 1238 natos
2068 1175 2225 1238 ante
2298 1171 2797 1238 matrimonium

721 1303 828 1372 per
869 1279 1110 1344 bonum
1153 1277 1608 1366 subsequentis
1655 1277 2063 1344 matrimonii
2110 1277 2401 1344 decernit
2456 1299 2593 1344 esse
2634 1277 2797 1366 legi-

725 1387 920 1464 timos
969 1389 1034 1452 et
1077 1383 1148 1450 in
1193 1383 1580 1450 haereditate
1631 1389 1908 1472 paterna
1956 1383 2035 1448 de
2072 1381 2221 1470 jure
2266 1405 2679 1462 successui-OS,
2732 1389 2799 1452 et

725 1495 938 1560 contra
995 1491 1112 1556 hoc
1155 1489 1382 1556 venire
1433 1495 1900 1578 praesumentes
1962 1489 2311 1556 severitate
2374 1488 2801 1556 ecelesiastica

725 1595 1160 1686 percellendos
1255 1595 1424 1662 Cum
1481 1595 1706 1684 igitur,
1771 1595 1943 1662 sicut
2010 1593 2323 1662 scribitur
2378 1593 2455 1658 in
2514 1593 2797 1674 Canone,

727 1713 758 1740 “
799 1701 1112 1790 imperiali
1161 1701 1412 1789 judicio
1465 1723 1602 1766 non
1659 1705 1936 1788 possunt
1988 1701 2145 1788 jura
2190 1699 2623 1766 ecelesiastica
2672 1701 2803 1764 dis-

731 1815 760 1844 “
801 1807 978 1890 solvi,
1021 1807 1134 1872 sed
1193 1807 1368 1896 leges
1429 1805 1898 1894 imperatorum
1968 1805 2361 1894 evangelicis
2412 1811 2481 1874 et
2538 1809 2799 1894 aposto-

731 1921 764 1950 “
803 1911 938 1978 licis
1001 1917 1194 1998 atque
1259 1911 1536 1978 decretis
1585 1911 1910 1978 canonicis
1964 1911 2101 1978 sint
2144 1911 2635 2000 postponendae,
2682 1933 2801 1980 nee

731 2025 764 2054 “
803 2017 1044 2106 possint
1085 2019 1174 2084 eis
1213 2017 1454 2082 inferre
1491 2017 1965 2106 praejudicium,
2006 2017 2507 2084 constitutiones
2544 2039 2801 2106 quoque

731 2131 764 2160 “
803 2121 1162 2212 principum
1199 2127 1430 2188 contra
1459 2145 1738 2188 canones
1767 2127 1838 2188 et
1873 2123 2133 2190 decreta
2168 2123 2523 2210 praesulum
2562 2123 2799 2190 Roma-

733 2237 764 2262 “
805 2251 1032 2294 norum
1081 2229 1326 2292 nullius
1379 2227 1516 2294 sint
1569 2229 1949 2310 1n0menti,”
1996 2227 2417 2294 manifestum
2472 2233 2571 2294 est
2624 2231 2801 2316 quod

729 2331 1014 2422 praedicti
1091 2331 1328 2418 judicii
1409 2331 1664 2421 judices
1751 2355 1794 2398 a
1869 2339 2247 2400 sanctorum
2336 2355 2657 2400 canonum
2734 2341 2803 2400 et

729 2445 956 2506 sanctae
1025 2437 1334 2504 Romanae
1397 2437 1682 2506 ecclesiae
1751 2439 2129 2504 obedientia
2196 2461 2263 2504 se
2328 2445 2675 2528 segregant
2736 2445 2803 2508 et

731 2543 1128 2624 subtrahunt,
1175 2547 1242 2610 et
1303 2565 1438 2610 non
1493 2545 1704 2610 solum
1769 2543 1989 2632 iniqui
2052 2543 2289 2632 judicii
2360 2543 2475 2610 sed
2532 2545 2803 2632 insuper

727 2647 1166 2716 inobedientiae
1233 2651 1490 2714 reatum
1563 2649 1926 2730 incurrunt,
2004 2655 2073 2714 et
2148 2649 2433 2714 maxime
2520 2649 2579 2714 si
2670 2651 2803 2718 sint

731 2755 930 2820 clerici
971 2755 1042 2820 in
1085 2753 1424 2820 ordinibus
1453 2775 1568 2820 seu
1613 2755 1926 2842 gradibus
1960 2753 2405 2820 ecclesiasticae
2454 2753 2799 2842 dignitatis

731 2859 1068 2926 constituti.
1161 2859 1252 2928 Et
1323 2865 1400 2928 ut
1489 2859 1790 2948 praedicti
1869 2859 2127 2946 judices
2214 2859 2641 2928 inveniantur
2728 2859 2795 2926 in

731 2965 1024 3054 praedicto
1071 2965 1320 3052 judicio
1387 2965 1656 3054 perfecti
1717 2971 2241 3054 transgressoreS,
2304 2987 2441 3030 non
2506 2971 2801 3030 remanet

733 3069 984 3156 aliquod
1021 3093 1226 3156 genus
1261 3069 1446 3158 juriS,
1497 3069 1680 3158 cujus
1737 3069 1808 3134 in
1871 3071 2099 3138 eodem
2152 3069 2403 3156 judicio
2466 3093 2601 3138 non
2644 3075 2803 3136 sunt

731 3175 1078 3254 violatoreS,
1157 3197 1318 3256 cum,
1397 3175 1568 3240 sicut
1659 3173 2081 3240 notissimum
2172 3179 2287 3254 est,
2356 3175 2511 3262 jura
2600 3175 2801 3240 etiam

731 3279 934 3346 civilia
977 3285 1164 3346 natos
1207 3285 1364 3346 ante
1409 3279 1670 3346 matrim
1679 3279 1904 3346 onium
1950 3303 2069 3368 per
2116 3279 2513 3368 subsequens
2574 3281 2801 3348 matri-

731 3387 1006 3450 monium
1045 3384 1372 3472 legitimos
1415 3387 1770 3452 decernant
1813 3389 1884 3452 et
1933 3385 2225 3450 haeredes
2256 3411 2271 3466 3
2318 3391 2403 3466 et,
2454 3391 2529 3452 ut
2594 3385 2799 3450 senio-

731 3512 868 3555 rum
911 3489 1216 3554 relatione
1277 3489 1496 3570 didici,
1541 3489 1943 3556 consuetudo
2008 3489 2211 3556 etiam
2272 3489 2347 3554 in
2406 3489 2529 3556 hoc
2598 3511 2795 3576 regno

731 3593 1080 3680 antiquitus
1125 3593 1398 3660 obtenta
1441 3597 1510 3660 et
1553 3593 1930 3682 approbata,
1980 3593 2145 3660 tales
2190 3593 2517 3684 legitimos
2562 3595 2799 3660 habuit

731 3703 794 3764 et
851 3699 1166 3780 haeredes3
1211 3697 1386 3764 unde
1447 3699 1520 3764 in
1583 3699 1844 3786 signum
1891 3699 2403 3788 legitimationis,
2454 3699 2599 3766 nati
2642 3705 2799 3764 ante

731 3805 1202 3870 matrimonium
1293 3809 1770 3870 consueverunt
1859 3807 2019 3894 poni
2108 3805 2229 3870 sub
2316 3803 2517 3892 pallio
2610 3825 2801 3890 super

731 3915 1016 3996 parentes
1059 3931 1280 3974 eorum
1343 3913 1616 3976 extento
1677 3909 1750 3972 in
1815 3909 2225 3974 matrimonii
2268 3909 2795 3974 solennizatione.

733 4013 822 4078 Hi
863 4013 1118 4100 insuper
1151 4011 1406 4099 judices
1451 4015 1536 4080 ad
1583 4013 1916 4080 cumulum
1976 4011 2507 4100 transgressionis
2550 4035 2685 4078 suae
2732 4017 2799 4080 et

731 4117 1182 4182 evidentiorem
1227 4117 1366 4204 ejus
1411 4119 2029 4198 manifestationem,
2076 4117 2279 4182 etiam
2342 4123 2683 4206 conceptos
2730 4123 2799 4184 et

731 4227 908 4288 natos
965 4221 1036 4286 in
1077 4243 1232 4286 vero
1295 4225 1364 4286 et
1427 4223 1508 4288 de
1553 4245 1710 4288 vero
1755 4221 2179 4288 matrimonio
2224 4219 2583 4288 voluerunt
2618 4223 2797 4310 judi-

731 4347 866 4392 care
923 4325 1172 4414 spurios
1237 4329 1304 4392 et
1371 4327 1896 4410 exhaeredandos,
1962 4325 2225 4414 quando
2290 4325 2643 4394 voluerunt
2712 4327 2797 4392 ab

729 4431 1022 4518 episcopis
1063 4431 1306 4518 inquiri
1337 4435 1406 4498 et
1451 4433 1580 4498 sibi
1625 4433 1910 4514 rescribi,
1952 4437 2181 4498 utrum
2210 4431 2283 4512 13,
2332 4437 2559 4498 contra
2604 4455 2797 4520 quem

731 4539 1178 4622 proponeretur
1241 4537 1538 4626 exceptio
1601 4537 2115 4626 illegitimitatis,
2160 4543 2361 4604 natus
2424 4543 2595 4602 esset
2640 4543 2793 4602 ante

729 4641 1198 4708 matrimonium
1265 4641 1624 4710 solenniter
1685 4647 2119 4722 contractum,
2184 4665 2273 4706 an
2338 4647 2491 4730 post
2564 4641 2793 4706 matri-

729 4749 1004 4818 monium
1075 4747 1430 4816 solenniter
1505 4753 1928 4828 contractum,
2008 4745 2225 4836 (cujus
2304 4745 2529 4812 formae
2606 4747 2793 4834 plura

2822 1041 2933 1100 laW,

2824 1187 2871 1222 v.
2894 1187 2943 1236 p.
2970 1173 3047 1224 2⁷3.

2828 1599 3027 1650 Decret.

2832 1667 3077 1720 Gratiani.

2828 1735 3069 1790 Distinet.

2826 1821 2877 1856 x.
2906 1809 2949 1866 1,
2974 1811 3021 1856 4.

2828 3193 2947 3244 civil
2970 3195 3083 3258 law,

2826 3397 2923 3446 and
2940 3393 3137 3444 ancient

2822 3463 3039 3528 English

2824 3539 3027 3582 custom.
