3875 5734
1115 883 1244 948 230
1755 897 2047 948 RossER'rr
2090 897 2549 950 onossETEer

1109 1075 1250 1160 regi
1297 1073 1402 1140 vel
1447 1071 1562 1140 alii
1605 1075 1876 1140 seculari
1919 1073 2231 1162 potestati
2288 1077 2607 1158 tanquam
2652 1093 2769 1138 suo
2802 1071 3009 1158 judici
3048 1075 3185 1140 red-

1113 1175 1328 1242 denda
1373 1181 1472 1242 est
1541 1179 1708 1242 ratio
1753 1179 1838 1242 ab
1907 1179 2217 1266 episcop0‚
2286 1197 2401 1242 cur
2466 1175 2715 1260 aliquid
2782 1175 3009 1242 horum
3072 1197 3183 1246 seu

1115 1281 1552 1344 consimilium
1615 1281 1814 1346 faciat
1857 1281 1963 1346 vel
2034 1281 2315 1346 omittat.
2422 1279 2673 1344 Poterit
2736 1281 2957 1344 tamen
3022 1281 3179 1364 epis-

1115 1403 1312 1470 copus
1387 1383 1556 1448 forte
1631 1383 1770 1448 sine
1841 1383 2103 1446 laesione
2176 1381 2505 1446 libertatis
2588 1380 3037 1458 ecclesiasticae,
3102 1381 3181 1446 ob

1113 1485 1428 1552 honorem
1471 1487 1740 1572 regium,
1789 1485 2049 1548 domino
2094 1485 2231 1570 regi
2276 1483 2385 1548 vel
2428 1483 2563 1548 suis
2614 1481 2995 1568 justiciariis
3034 1481 3183 1546 inti-

1113 1611 1306 1668 mare,
1387 1589 1562 1674 quod
1637 1609 1770 1652 non
1841 1585 2169 1650 recusavit
2242 1587 2713 1672 praesentatum
2786 1585 2871 1650 ab
2942 1605 3015 1648 eo
3076 1587 3179 1668 qui

1115 1689 1316 1754 evicit
1349 1689 1462 1776 jus
1507 1691 1892 1774 patronatus
1935 1687 2091 1771 quia
2136 1690 2605 1772 praesentatum
2648 1687 2757 1752 vel
2800 1685 2985 1772 quasi
3026 1707 3179 1772 prae-

1111 1797 1444 1856 sentatum
1489 1811 1530 1854 a
1571 1813 1706 1854 non
1753 1809 1906 1854 vero
1952 1793 2227 1876 patrono
2256 1813 2273 1868 3
2316 1789 2529 1854 forma
2592 1787 2797 1876 igitur
2862 1787 3181 1854 literarum

1111 1893 1358 1956 domini
1403 1893 1588 1978 regie,
1637 1895 1710 1956 in
1755 1893 1826 1956 vi
1853 1891 2219 1972 verborum,
2250 1891 2407 1958 licet
2448 1893 2619 1956 forte
2658 1913 2793 1956 non
2834 1893 3181 1956 intentione

1111 1995 1550 2070 scribentium,
1601 1995 1748 2080 plus
1793 1993 2091 2058 continet
2138 1997 2205 2058 et
2250 1993 2625 2058 mandando
2668 1993 2955 2078 injungit
3000 2015 3183 2078 quam

1109 2099 1430 2182 congruat
1503 2097 1700 2182 regiae
1767 2095 2097 2182 potestati.
2190 2095 2429 2160 Essent
2494 2101 2717 2160 autem
2790 2095 2989 2160 verba
3048 2117 3183 2160 sen-

1107 2199 1338 2264 tentiae
1401 2203 1468 2262 et
1537 2199 1850 2284 aequitati,
1921 2199 1979 2262 si
2046 2201 2273 2262 tamen
2346 2199 2621 2284 aequitas
2694 2199 2769 2262 111
2828 2199 2947 2262 hac
3010 2203 3181 2284 parte

1107 2301 1382 2366 dicenda
1425 2301 1528 2380 sit,
1577 2305 2113 2380 commensurata,
2144 2301 2201 2366 si
2244 2299 2621 2386 hujusmodi
2666 2303 2835 2366 esset
2878 2301 3181 2368 scribendi

1103 2403 1352 2468 forma:
1405 2409 1442 2440 “
1467 2403 1860 2468 Mandamus
1905 2403 2097 2468 vobis
2142 2403 2455 2488 quatinus
2502 2403 2583 2466 de
2630 2409 2859 2468 caetero
2900 2403 3181 2468 habeatis

1107 2513 1144 2538 “
1187 2505 1392 2568 talem
1443 2527 1562 2590 pro
1591 2527 1748 2570 vero
1793 2509 2071 2590 patrono
2118 2503 2271 2568 talis
2334 2505 2635 2584 ecclesiae,
2698 2525 2831 2568 non
2898 2505 3181 2580 obstante

1111 2613 1148 2640 ‘⁶
1193 2607 1350 2672 talis
1395 2607 1754 2672 adversarii
1795 2607 1902 2672 sui
1966 2607 2469 2688 reclamatione3
2530 2627 2649 2674 nec
2714 2607 3013 2674 recusetis
3072 2607 3181 2672 ali-

1109 2715 1148 2744 “
1193 2731 1390 2794 quem
1433 2713 1900 2794 praesentatum
1944 2709 2029 2774 ab
2074 2709 2233 2796 ipso,
2280 2715 2601 2796 tanquam
2646 2715 3103 2796 praesentatum
3144 2733 3183 2774 a

1111 2817 1148 2846 “
1193 2831 1330 2874 non
1381 2833 1536 2876 vero
1581 2809 1914 2898 patron0.”
2006 2809 2079 2876 Si
2124 2815 2365 2892 autem,
2432 2811 2607 2898 quod
2658 2811 2847 2892 absit,
2892 2813 3181 2876 intendat

1109 2933 1226 2980 rex
1271 2937 1386 3000 per
1429 2915 1704 2978 formam
1741 2913 2037 2978 mandati
2082 2915 2183 2980 sui
2216 2935 2379 3000 opus
2410 2913 2603 2988 officii
2634 2915 3003 3000 episcopalis
3030 2917 3183 3002 epis-

1111 3017 1286 3102 copis
1327 3015 1686 3102 injungere,
1733 3021 1993 3082 constat
2022 3015 2195 3100 quod
2244 3021 2517 3102 usurpat
2560 3015 2689 3082 sibi
2730 3015 3003 3082 officium
3032 3019 3183 3102 epis-

1109 3121 1254 3204 copi
1285 3119 1622 3184 cardinale.
1669 3117 2071 3204 Hujusmodi
2100 3119 2275 3182 enim
2304 3117 2627 3204 injunctio
2656 3119 2865 3184 solum
2894 3123 3183 3186 convenit

773 3233 886 3312 jrhe
909 3233 1036 3300 king
1109 3221 1632 3306 metropolitanis
1661 3227 1730 3286 et
1775 3219 2043 3286 domino
2076 3219 2287 3308 Papae.
2386 3221 2797 3308 Quapropter
2840 3221 3181 3288 cavendum

771 3317 836 3416 ἓξ
847 3303 1036 3418 ῗζζοξξῖ
1109 3329 1208 3390 cst
1255 3325 1334 3404 ei,
1381 3325 1438 3388 si
1481 3323 1854 3408 hujusmodi
1897 3329 2169 3408 usurpet
2214 3323 2417 3408 (quod
2446 3323 2669 3406 absit),
2718 3345 2799 3388 ne
2844 3345 2987 3390 cum
3030 3323 3181 3388 Ozia

773 3433 914 3510 bling
935 3435 1044 3486 Uzn
1109 3447 1256 3512 rege
1303 3425 1350 3490 J
1349 3425 1484 3490 uda
1541 3429 1898 3512 usurpante
1950 3425 2077 3490 sibi
2126 3425 2475 3492 sacerdotis
2520 3425 2817 3504 officium,
2862 3449 3179 3512 percussus

773 3501 904 3642 ²¹3
1109 3529 1178 3594 in
1247 3525 1462 3594 fronte
1507 3527 1686 3614 lepra
1753 3531 1820 3592 et
1867 3527 2109 3612 ejectus
2154 3527 2237 3594 de
2290 3527 2483 3594 domo
2532 3527 2799 3594 Domini
2842 3549 3041 3614 usque
3104 3529 3177 3594 ad

771 3597 1038 3714 {xvir-<13
1107 3633 1284 3698 diem
1327 3633 1558 3696 mortis
1589 3653 1724 3696 suae
1757 3633 2077 3696 sustineat
2106 3633 2303 3718 leprae
2336 3633 2727 3718 contagium.
2802 3631 2943 3696 Ista
2972 3637 3177 3696 tamen

771 3731 850 3776 21.
1107 3735 1298 3822 plaga
1343 3735 1552 3820 magis
1599 3735 1782 3820 digni
1829 3737 1987 3800 sunt
2028 3735 2277 3798 domini
2342 3735 2511 3822 regis
2580 3735 2943 3814 conciliarii,
2988 3735 3039 3798 si
3102 3735 3177 3800 ad

1109 3861 1334 3904 eorum
1377 3837 1858 3924 persuasionem
1901 3837 2063 3902 talia
2108 3837 2451 3924 contingat
2494 3837 2577 3902 ab
2622 3837 2763 3924 ipso
2808 3837 3111 3924 usurpari.

773 3939 884 3990 The
895 3941 1090 4020 Onford
1199 3941 1312 4004 Ad
1343 3939 1876 4026 aggravationem
1905 3945 2127 4004 autem
2156 3939 2403 4026 peccati
2450 3939 2523 4004 in
2564 3939 2669 4004 his
2716 3945 2781 4004 et·
2826 3939 3179 4026 hujusmodi

769 4005 1086 4124 333ξῖαὸ
1111 4043 1574 4110 violationibus
1633 4047 1702 4108 et
1753 4041 2355 4128 perturbationibus
2406 4041 2661 4128 jurium
2706 4047 2773 4108 et
2818 4043 3177 4110 libertatum

769 4139 970 4256 nifizated
993 4143 1060 4192 au
1109 4145 1390 4212 ecclesiae
1421 4145 1670 4212 accedit
1699 4145 1874 4230 quod
1917 4147 1993 4210 in
2028 4145 2391 4210 Oxoniensi
2432 4143 2721 4212 Concilio
2760 4147 3181 4212 excommuni-

767 4221 1086 4326 ζῖιῃξθῖξῗζῑρ-
1113 4253 1148 4284 “
1193 4249 1326 4314 cati
1357 4251 1514 4312 sunt
1545 4269 1768 4312 omnes
1795 4247 1912 4332 qui
1944 4247 2241 4312 ecclesias
2268 4249 2595 4324 malitiose
2624 4271 2739 4314 suo
2760 4249 2907 4332 jure
2940 4251 3179 4336 privare

767 4339 1016 4456 {3033
1013 4407 1042 4456 f
1107 4359 1144 4392 “
1187 4355 1596 4436 praesumunt
1637 4353 1756 4416 aut
1799 4371 1916 4436 per
1962 4349 2281 4416 malitiam
2328 4351 2679 4416 earundem
2724 4351 3045 4418 libertates
3086 4353 3179 4416 in·

765 4473 860 4522 her
881 4473 1058 4538 rights.
1105 4455 1140 4488 “
1181 4453 1466 4538 fringere
1495 4453 1604 4518 vel
1643 4455 2025 4540 perturba-re
2058 4453 2523 4534 contendunt‚”
2554 4455 2853 4540 quodque
2898 4453 3179 4520 dominus

767 4539 962 4660 33¹2?-
1105 4575 1220 4618 rex
1281 4575 1396 4638 per
1463 4555 1754 4622 chartam
1821 4577 2007 4620 suam
2052 4557 2379 4636 concessit,
2426 4557 2603 4642 quod
2664 4557 2921 4622 ecclesia
2964 4557 3183 4642 Angli-

771 4645 938 4726 1222..
1109 4677 1268 4722 cana
1313 4657 1402 4720 sit
1445 4657 1664 4736 libera,
1713 4663 1780 4722 et
1823 4659 2001 4744 quod
2044 4679 2085 4722 a
2130 4659 2319 4724 bonae
2346 4659 2677 4722 memoriae
2722 4659 3181 4744 archiepiscopo

769 4743 1010 4880 {yviglggna
1025 4743 1060 4796 i·
1109 4759 1442 4848 Stephano
1487 4767 1556 4826 et
1601 4761 2021 4848 suffraganeis
2066 4761 2201 4830 suis
2252 4761 2335 4830 dc
2378 4783 2693 4826 consensu
2736 4761 2979 4828 domini
3022 4759 3181 4842 regis
