3875 5734
1105 787 1234 854 100
1773 803 2065 856 nonchrI
2112 803 2561 856 Gnossmns'rn

1109 991 1442 1074 expeteres
1481 987 1568 1052 ab
1613 987 1710 1054 Eo
1739 987 2211 1056 villicationem
2256 987 2583 1074 majorem,
2616 987 2687 1052 in
2730 987 2913 1076 cujus
2940 991 3177 1056 ratione

775 1101 826 1152 S.
849 1101 998 1182 matt.
1109 1091 1442 1158 reddenda
1515 1093 1572 1160 si
1649 1095 1971 1176 deficeres,
2048 1093 2281 1182 {eya-tis
2352 1091 2679 1160 'inanibus
2766 1101 2823 1160 et
2904 1095 3181 1180 pedibu-s

773 1185 904 1224 ΗΠ·
927 1177 1004 1224 ¹3⁰
1109 1197 1402 1266 ‘mitteret
1445 1203 1514 1266 te
1565 1197 1652 1268 in
1697 1203 1965 1268 carceris
2022 1199 2319 1266 tenebras
2360 1197 2757 1266 exteriores?
2844 1201 2953 1266 An
3002 1205 3179 1290 putas

777 1307 830 1358 S·
849 1307 978 1386 ‚Luc-
1111 1305 1472 1372 Dominum
1495 1305 1514 1342 ¹
1563 1329 1700 1372 non
1745 1305 2075 1372 dicturum
2120 1307 2263 1386 tibi,
2312 1305 2513 1374 ‘redde
2556 1305 2895 1374 rationem
2934 1305 3179 1374 villica-

773 1391 878 1428 xm.
907 1383 954 1428 2'
1109 1409 1322 1478 tionis
1367 1417 1502 1478 tuoe
1521 1419 1554 1478 2
1621 1413 1816 1486 Dicet
1867 1411 2097 1500 utique
2128 1435 2143 1476 ι
2198 1433 2397 1498 quam
2440 1411 2497 1476 si
2540 1431 2675 1476 non
2716 1411 2945 1476 reddas
2988 1431 3179 1498 usque

1109 1517 1196 1584 ad
1239 1515 1552 1584 ultimum
1595 1517 1943 1598 minutum,
1992 1515 2209 1584 tradet
2256 1521 2325 1582 te
2368 1515 2727 1582 tortoribus
2772 1517 2947 1582 ultra
3004 1539 3179 1582 omne

1111 1623 1422 1686 ultimum
1491 1623 1928 1688 cruciandum.
2022 1621 2449 1710 Quapropter,
2520 1619 2841 1688 carissime
2904 1619 3059 1686 mihi
3114 1621 3181 1686 in

1115 1727 1398 1806 Christo,
1463 1749 1578 1816 per
1639 1727 2073 1816 aspersionem
2142 1725 2479 1816 sanguinis
2546 1725 2591 1792 J
2596 1749 2709 1792 esu
2776 1725 3015 1792 Christi
3074 1725 3173 1812 qui

1109 1837 1296 1898 totus
1357 1833 1602 1898 effusus
1677 1835 1778 1896 est
1841 1853 1979 1898 non
2046 1831 2257 1896 solum
2330 1853 2451 1918 pro
2516 1829 2817 1896 omnibus
2892 1831 3003 1896 sed
3068 1853 3177 1916 pro

1111 1935 1388 2022 singulis
1433 1937 1682 2016 ovibuS,
1729 1939 1800 2002 te
1845 1935 2127 2018 obsecro,
2174 1941 2499 2022 quatenus
2542 1957 2659 2022 pro
2702 1933 2997 2022 ampliori
3040 1959 3181 2002 eura

1111 2039 1346 2128 majori
1391 2043 1458 2106 et
1503 2037 1882 2106 districtiori
1950 2039 2301 2106 reddendae
2360 2039 2601 2106 rationi
2646 2045 2711 2106 te
2758 2063 2891 2106 non
2934 2041 3177 2128 obliges

1109 2169 1196 2210 ne
1237 2145 1406 2228 forte
1451 2145 1524 2210 in
1569 2145 1904 2210 reddenda
1954 2145 2209 2210 ratione
2274 2145 2589 2224 deficienS,
2642 2145 2919 2210 tradaris
2958 2147 3179 2210 tortori
3276 2169 3287 2172 ·

779 2239 842 2360 {3
853 2241 1000 2292 Matt.
1025 2259 1074 2292 v.
1111 2251 1226 2338 qui
1293 2255 1362 2316 te
1427 2249 1652 2316 mittat
1723 2247 1796 2314 in
1873 2271 2209 2328 carcerem,
2292 2249 2469 2316 unde
2542 2271 2687 2316 ‘non
2746 2271 2927 2316 eoeeas
2990 2249 3179 2316 donec

845 2347 860 2362 ⁰
1111 2355 1358 2422 reddas
1373 2355 1400 2392 2
1445 2377 1650 2442 usque
1693 2355 1790 2422 ad
1835 2353 2297 2422 novissimum
2340 2355 2813 2442 quadrantem.

1201 2461 1412 2526 Novit
1459 2459 1582 2526 Ille
1629 2461 1742 2548 qui
1811 2464 2139 2526 scrutator
2208 2465 2313 2526 est
2380 2461 2699 2542 cordium,
2746 2461 2919 2548 quod
2962 2461 3179 2526 timore

1111 2565 1382 2654 periculi
1457 2565 1560 2632 tui
1637 2571 1704 2632 et
1775 2565 1999 2632 ovium
2058 2583 2385 2646 mearum,
2448 2587 2567 2652 pro
2642 2565 2877 2652 quibus
2942 2565 3179 2630 debitor

1113 2693 1256 2736 sum
1335 2693 1468 2736 non
1543 2671 1754 2736 solum
1827 2669 2033 2736 verba
2106 2671 2221 2736 sed
2284 2669 2567 2736 animam
2632 2691 2839 2736 meam
2892 2691 3119 2758 ponere
3136 2669 3175 2748 ³,

1113 2775 1254 2840 haec
1337 2775 1462 2840 tibi
1545 2779 1816 2864 paterna
1905 2775 2313 2840 solicitudine
2390 2779 2457 2840 et
2546 2781 2841 2840 materna
2912 2797 3179 2862 compas-

1115 2877 1296 2944 sione
1383 2881 1736 2966 persuadeo
1775 2901 1790 2958 ;
1881 2883 1949 2944 et
2026 2901 2157 2966 qua
2226 2877 2569 2946 affectione
2656 2887 2865 2946 mater
2952 2879 3177 2946 retinet

1115 2983 1514 3048 renitentem
1559 2983 1908 3070 parvulum
1950 3005 2035 3048 ne
2086 3005 2155 3048 se
2198 2985 2427 3050 mittat
2482 2983 2557 3048 in
2624 2985 3063 3072 praecipitium,
3110 3007 3177 3048 ea

1111 3093 1182 3152 te
1227 3087 1286 3152 si
1331 3111 1580 3176 possem
1645 3089 2015 3168 retinerem,
2080 3087 2235 3156 licet
2300 3087 2757 3156 reclamantem
2802 3095 2867 3156 et
2908 3091 3177 3156 reniten-

1111 3195 1268 3272 tem,
1313 3215 1398 3258 ne
1443 3215 1664 3258 curam
1709 3191 1838 3258 tibi
1885 3193 2171 3258 oblatam
2210 3193 2583 3280 susciperes,
2616 3193 2687 3258 in
2716 3193 2819 3258 tui
2862 3199 2929 3258 et
2972 3195 3177 3258 ovium

1113 3295 1376 3360 illarum
1393 3293 1420 3330 4
1473 3295 1918 3362 desolatarum
1980 3297 2229 3384 grande
2294 3297 2673 3384 perieulum.
2762 3297 2889 3364 Sed
2930 3301 2997 3364 te
3036 3299 3177 3364 reti-

1113 3423 1268 3466 nere
1333 3399 1670 3466 nolentem
1741 3423 1878 3466 non
1946 3407 2193 3488 potere,
2264 3401 2395 3468 nisi
2456 3401 2585 3468 tibi
2646 3399 2979 3468 obstarent
3036 3401 3177 3490 jura

1109 3503 1436 3582 canonica,
1485 3505 1844 3570 seeundum
1891 3527 2037 3592 quae
2072 3507 2457 3592 judicantur
2502 3507 2719 3572 omnia
2760 3507 2833 3570 in
2876 3507 3179 3572 militante

1107 3609 1392 3678 ecelesia.
1441 3651 1444 3654 ·
1485 3609 1732 3678 Verum
1803 3633 1878 3676 eo
1942 3609 2259 3678 solicitius
2326 3611 2457 3676 tibi
2520 3609 2879 3678 cavendum
2942 3617 3053 3690 est,
3102 3633 3177 3676 ne

1103 3717 1274 3782 forte
1321 3715 1392 3780 in
1435 3715 1556 3782 hae
1599 3723 1788 3804 parte
1831 3715 1959 3780 tibi
1990 3717 2327 3782 obstarent
2360 3715 2517 3802 jura
2560 3717 2801 3796 divina,
2848 3717 3179 3782 seeundum

1105 3843 1256 3908 quae
1291 3819 1706 3908 judicandus,
1757 3819 1864 3884 vel
1909 3819 2077 3886 bene
2138 3819 2481 3908 proficiens
2538 3819 2949 3908 judicaturus
2992 3843 3069 3900 es,
3114 3821 3177 3884 in

1103 3925 1556 4014 triumphante
1603 3921 1886 3990 eeclesia.

1173 4275 1188 4308 ¹
1221 4275 1512 4342 Dominum]
1551 4275 1730 4332 Deum,
1759 4275 1862 4326 Siti.
2270 4275 2291 4306 ‘⁰'
2322 4275 2511 4326 Brown
2534 4275 2711 4326 inserts
2728 4281 2937 4342 paratus
2968 4289 3055 4324 ero,

1171 4359 1192 4386 ‘²
1223 4357 1428 4422 reddas]
1465 4371 1564 4406 om.
1587 4355 1790 4416 C.C.C.,
1815 4355 1914 4406 Ox.
2270 4359 2289 4388 ⁴
2322 4355 2539 4422 illarum]
2576 4371 2763 4416 earum,
2788 4356 2889 4406 Sid.
