3875 5734
1109 747 1234 812 158
1761 765 2055 816 ROBERTI
2100 765 2553 816 cnossrffnsrfi:

1105 945 1478 1014 sobrietatis
1559 947 1802 1036 seipsos
1893 949 2175 1014 reddant
2266 948 2517 1014 habiles
2618 945 2733 1014 ut¹
2840 951 3175 1014 secundum

1105 1053 1470 1120 doctrinam
1551 1053 1678 1120 Dei
1751 1053 2039 1122 habeant
2134 1053 2469 1120 scientiam
2544 1051 2945 1118 discernendi
3012 1053 3177 1120 inter

1103 1167 1406 1226 sanctum
1451 1165 1520 1226 et
1565 1161 1989 1248 prophanum,
2024 1161 2199 1226 inter
2226 1159 2553 1246 pollutum
2598 1163 2669 1224 et
2710 1157 3037 1236 mundum,
3068 1161 3175 1224 do-

1103 1271 1418 1354 ceantque
1449 1269 1762 1356 populum
1811 1267 2031 1332 omnia
2080 1265 2377 1352 legitima
2424 1263 2695 1328 Domini
2748 1287 2895 1352 quae
2938 1263 3173 1332 locutus

1103 1377 1204 1440 est
1247 1397 1364 1462 per
1411 1395 1678 1438 manum
1725 1371 1957 1460 Moysi.
2052 1371 2223 1452 Quia
2272 1371 2469 1436 ctiam
2504 1371 2755 1436 Levitis
2798 1371 3039 1436 dictum
3082 1375 3173 1438 est

1103 1479 1280 1568 quod
1353 1503 1490 1544 non
1561 1479 1900 1544 habebunt
1972 1481 2229 1566 partem
2304 1475 2711 1542 haereditatis
2784 1475 2955 1542 inter
3018 1475 3173 1542 filios

1105 1585 1322 1664 Israel,
1377 1607 1492 1672 per
1537 1585 1710 1670 quod
1763 1581 2173 1648 abscinditur
2202 1605 2241 1646 a
2292 1581 2613 1648 ministris
2658 1583 2931 1648 ecclesiae
2980 1581 3173 1648 omnis

1103 1689 1306 1756 fomes
1361 1687 1740 1776 cupiditatis
1793 1693 1862 1754 et
1911 1689 2127 1776 turpis
2188 1689 2369 1770 lucri,
2440 1689 2859 1754 exhortantes
2916 1689 3171 1754 firmiter

1101 1795 1512 1884 praecipimus
1563 1817 1648 1860 ne
1707 1795 2077 1860 beneficiati
2138 1801 2253 1860 aut
2314 1795 2511 1860 sacris
2568 1793 2905 1860 ordinibus
2976 1795 3173 1862 ornati

1101 1901 1574 1988 negotiationes
1643 1905 2003 1982 exerceant,
2062 1923 2271 1986 neque
2346 1899 2597 1986 aliquid
2616 1899 2643 1936 ²
2714 1899 3171 1966 accommodent

1101 2007 1188 2070 ad
1213 2027 1524 2088 usuram3
1571 2005 1682 2070 sed
1729 2005 1898 2072 sicut
1950 2005 2247 2094 praecipit
2278 2005 2575 2072 doctrina
2618 2005 2999 2094 evangelica,
3042 2027 3171 2070 mu-

1103 2115 1298 2176 tuum
1351 2109 1526 2190 dent,
1559 2109 1726 2174 nihil
1757 2109 1908 2178 inde
1942 2115 2291 2200 sperantes.
2364 2111 2597 2198 Neque
2660 2111 2819 2178 dent
2868 2115 2979 2178 aut
3028 2111 3171 2178 reci-

1103 2215 1292 2304 piant
1343 2215 1634 2282 ecclesias
1681 2223 1800 2282 aut
1845 2217 2279 2282 ecclesiastica
2308 2217 2395 2282 ad
2424 2217 2695 2298 firmam,
2748 2217 2875 2282 nisi
2918 2207 2985 2282 in
3030 2217 3171 2282 casi-

1099 2321 1226 2388 bus
1255 2343 1298 2386 a
1327 2319 1636 2388 Conciliis
1681 2323 2013 2388 concessis,
2106 2321 2211 2388 Ad
2244 2323 2723 2412 amputandum
2756 2343 3005 2410 quoque
3046 2345 3171 2388 om-

1101 2449 1256 2492 nem
1309 2427 1690 2514 cupiditatis
1739 2427 2039 2516 speciem,
2070 2427 2447 2496 inhibemus
2476 2427 2751 2496 firmiter
2800 2451 2931 2494 non
2978 2425 3169 2494 solum

1103 2533 1436 2600 ordinaria
1507 2535 1622 2598 sed
1689 2533 1951 2620 speciali
1996 2535 2391 2600 auctoritate
2446 2535 2817 2622 apostolica,
2862 2557 2943 2600 ne
2996 2535 3171 2600 bene-

1103 2639 1308 2706 ficiati
1349 2639 1460 2706 vel
1503 2639 1588 2704 ad
1651 2661 1862 2704 sacros
1925 2639 2183 2704 ordines
2256 2639 2539 2726 promoti
2604 2639 2739 2706 sint
2788 2639 3171 2706 vicecomites

1103 2744 1214 2812 vel
1237 2743 1588 2832 justitiarii
1617 2745 1951 2820 seculares,
1986 2745 2095 2810 vel
2138 2743 2417 2810 ballivas
2462 2749 2751 2826 teneant,
2800 2745 2967 2810 unde
3008 2745 3171 2810 laicis

1107 2849 1546 2940 potestatibus
1589 2849 1971 2936 obligentur
2022 2851 2107 2914 ad
2160 2849 2499 2916 ratiocinia
2530 2851 2609 2914 de
2638 2849 2911 2916 ballivas
2952 2851 3173 2916 eisdem

1105 2955 1454 3022 reddenda.
1577 2955 1961 3020 Inhibemus
2040 2977 2295 3042 quoque
2370 2955 2735 3020 districtius
2806 2977 2889 3020 116
2958 2955 3171 3044 aliquis

1103 3065 1318 3126 rector
1369 3061 1650 3126 ecclesiae
1701 3057 1900 3124 faciat
1946 3059 2327 3145 hujusmodi
2362 3065 2627 3148 pactum
2660 3083 2805 3126 cun]
2834 3083 2947 3126 suo
2986 3083 3171 3126 sacer-

1103 3167 1274 3246 dote,
1337 3165 1662 3242 videlicet,
1717 3165 1892 3252 quod
1937 3165 2077 3252 ipse
2140 3165 2433 3230 sacerdos
2492 3171 2729 3252 praeter
2788 3171 3015 3232 caetera
3068 3167 3171 3232 sti-

1103 3271 1344 3358 pendia
1395 3271 1640 3358 poterit
1697 3269 1981 3358 recipere
2044 3271 2351 3336 annualia
2412 3279 2479 3336 et
2540 3271 2957 3352 tricennalia3
3030 3273 3171 3358 quia

1105 3375 1484 3462 hujusmodi
1515 3375 1734 3462 pactio
1765 3375 2189 3440 manifestum
2224 3381 2325 3442 est
2352 3375 2671 3442 indicium
2702 3375 2875 3464 quod
2904 3375 3173 3444 sacerdos

1103 3503 1178 3546 60
1235 3483 1380 3570 ipso
1425 3483 1654 3568 recipit
1715 3481 1949 3548 exilius
2004 3481 2445 3568 stipendium:
2494 3505 2749 3546 necesse
2796 3503 3037 3568 quoque
3082 3485 3171 3548 cst

1101 3591 1182 3652 ut
1227 3593 1346 3650 aut
1395 3609 1532 3650 non
1577 3585 1874 3672 perficiat
1925 3593 2227 3672 suscepta
2274 3587 2587 3652 annualia
2632 3587 2739 3652 vel
2790 3585 3169 3666 tricennalia,

1101 3699 1218 3758 aut
1285 3691 1356 3756 in
1425 3689 1730 3756 ecclesia³
1815 3693 2169 3780 parochiali
2226 3715 2361 3756 non
2420 3691 2547 3756 rite
2604 3693 2893 3780 perficiat
2964 3693 3171 3758 divina

1103 3795 1454 3884 obsequia3
1501 3795 1662 3882 ipsis
1715 3801 1941 3862 autem
1992 3795 2439 3862 sacerdotibus
2470 3795 2793 3864 sufficiens
2824 3803 2889 3864 et
2918 3797 3171 3864 honesta

1099 3903 1440 3966 tribuatur
1481 3903 1880 3966 sustentatio
1925 3903 2011 3966 ab
2052 3901 2461 3966 ecclesiarum
2490 3903 2863 3984 rectoribuS,
2892 3927 2973 3968 ne
3000 3927 3171 3990 prop-

1101 4011 1204 4072 ter
1243 4005 1642 4072 diminutam
1697 4009 2251 4074 sustentationem
2298 4013 2599 4094 oporteat
2630 4007 2919 4074 ecclesias
2948 4009 3171 4074 divinis

1101 4111 1430 4198 obsequiis
1487 4135 1720 4192 carere,
1781 4117 1900 4178 aut
1958 4113 2133 4200 ipsos
2190 4113 2553 4178 sacerdotes
2628 4113 2821 4178 lucris
2894 4113 3173 4202 turpibus

1103 4217 1372 4296 inhiare,
1421 4239 1538 4282 seu
1581 4217 1832 4284 victum
1877 4217 2265 4284 mendicare.

1193 4323 1580 4388 Inhibemus
1661 4323 1860 4388 etiam
1937 4323 2217 4388 firmiter
2296 4345 2379 4388 ne
2452 4323 2633 4388 laicis
2708 4323 3173 4410 quibuscunque

1113 4541 1574 4548 ffi-..u-——o-a—o-w———w
1585 4543 1702 4548 ----.----
1715 4543 1808 4548 ῄ-.
1837 4543 1846 4548 ,
1863 4541 1971 4546 .--,..-
1980 4541 2053 4546 --.
2064 4543 2105 4548 —
2116 4543 2131 4546 -
2142 4541 2175 4548 ..—
2184 4543 2189 4546 .
2200 4541 2253 4546 ——.
2274 4543 2297 4546 .-
2310 4541 2325 4546 ..
2334 4541 2339 4544 -
2360 4541 2463 4546 .-...-...-
2500 4543 2521 4546 .-
2534 4541 2557 4546 ...
2580 4541 2625 4546 ..-.-
2640 4541 2659 4546 -.
2668 4541 2817 4546 -.-—....—..
2830 4541 2841 4546 -
2850 4541 2867 4546 ..
3022 4541 3027 4544 -
3048 4539 3165 4544 ——us-u-

1175 4683 1190 4712 ¹
1225 4677 1306 4746 ut]
1343 4689 1410 4742 et,
1433 4679 1612 4732 C.C.C.
2274 4683 2293 4712 ³
2328 4677 2551 4740 ecclesia]
2590 4693 2689 4726 om.
2712 4675 2815 4726 sid.

1175 4765 1194 4794 ²
1225 4761 1442 4830 aliquid]
1481 4777 1578 4812 om.
1603 4761 1706 4812 Sid.
