3875 5734
1111 783 1238 848 186
1759 789 2053 840 1100111111
2098 785 2555 838 cnossETnsTE

771 987 1060 1056 bishopriok
1109 981 1248 1044 star
1315 975 1468 1042 solis
1545 971 1924 1042 universam
1998 977 2245 1044 terram
2326 971 2743 1056 illustrantis,
2820 993 2951 1042 suae
3024 975 3173 1044 lucis

773 1059 834 1110 of
845 1059 996 1110 Win-

773 1125 980 1188 chester,

1105 1083 1322 1146 radios
1367 1103 1562 1170 super
1607 1101 1832 1146 omnes
1877 1081 2267 1170 generaliter
2310 1079 2647 1164 diffundit,
2702 1101 2893 1168 super
2946 1087 3171 1150 nostrae

773 1193 940 1244 which
961 1193 1050 1244 the
1103 1185 1458 1272 parvitatis
1505 1185 1981 1266 infirmitatem,
2048 1187 2165 1254 ut1
2214 1185 2567 1274 multiplici
2622 1185 3029 1272 probavimus
3072 1211 3173 1254 ex-

773 1261 992 1312 cardinal

773 1331 862 1380 has
877 1329 1068 1380 misun·
1105 1293 1442 1380 perientia,
1491 1293 1776 1380 quadam
1827 1293 2121 1382 specialis
2180 1291 2541 1358 affectionis
2600 1291 2979 1358 radiositate
3036 1317 3167 1380 gra·

771 1399 1016 1452 derstood.

775 3361 900 3416 Hor.
925 3363 1032 3414 Ars

775 3429 920 3482 Poet.
945 3437 1024 3482 25.
1089 3443 1092 3448 '

1107 1395 1264 1464 tiori
1331 1397 1592 1464 refulsit
1655 1397 1934 1488 amplius
1998 1405 2067 1464 et
2134 1399 2419 1478 suavius,
2490 1397 2659 1464 sicut
2724 1399 2821 1464 sol
2888 1397 3165 1484 quaedam

1107 1509 1302 1572 terrae
1353 1503 1494 1570 loca
1543 1503 1900 1592 perlustrat
1944 1509 2013 1570 et
2058 1503 2377 1584 confovet,
2424 1503 2677 1592 plenius
2724 1501 2967 1568 emissis
3022 1503 3163 1568 111110

1103 1609 1324 1692 1·οἀ110,
1373 1609 1682 1674 directius
1727 1615 1796 1674 et
1841 1607 2119 1674 uberius.
2232 1609 2499 1674 Accidit
2544 1613 2765 1674 autem
2808 1607 3161 1696 plerumque

1105 1715 1284 1800 quod
1325 1719 1520 1782 terrae
1565 1713 1888 1802 particula
1935 1737 2133 1800 quam
2186 1713 2285 1780 sol
2332 1713 2627 1794 irradiat,
2672 1711 2749 1778 in
2790 1735 2923 1778 01100
2964 1713 3161 1778 radio·

1105 1819 1322 1886 sitatis
1395 1819 1652 1886 virtute
1723 1819 1977 1906 aliquid
2052 1817 2315 1884 exhalet
2388 1819 2691 1884 nubilum
2768 1817 2847 1884 de
2916 1817 3159 1906 propria

1105 1923 1594 2004 tenebrositate,
1659 1923 1832 2010 quod
1899 1927 2123 1988 tamen
2184 1923 2313 1990 cito
2378 1923 2697 2010 dissipant
2764 1923 2863 1986 vis
2922 1921 3159 1986 descen-

1107 2029 1322 2094 dentis
1381 2027 1652 2094 luminis
1717 2031 1786 2094 et
1847 2025 2013 2094 lenis
2078 2049 2257 2094 aurae
2316 2027 2515 2094 flatus
2580 2027 2663 2094 de
2724 2027 2945 2092 eadem
3000 2029 3161 2092 terra

1105 2131 1430 2220 spirantis
1523 2131 1698 2198 Huic
1741 2131 1995 2218 aliquid
2056 2131 2387 2198 consimile
2446 2133 2633 2198 nobis
2692 2131 2959 2212 accidit3
3020 2131 3159 2218 quia

1103 2237 1274 2304 sicut
1319 2259 1404 2302 ex
1463 2241 1688 2304 tenore
1731 2237 1949 2302 vestri.
1996 2237 2291 2304 dulciflui
2348 2235 2649 2324 rescripti
2706 2235 3159 2326 perpendimuS,

1103 2343 1186 2410 de
1229 2343 1516 2408 tenebris
1561 2341 1957 2430 insipientiae
2000 2347 2241 2410 nostrae
2288 2343 2359 2406 in
2404 2343 2661 2430 pagina,
2710 2363 2903 2428 quam
2940 2347 3159 2424 vestrae

1103 2447 1442 2516 sanctitati
1485 2447 1856 2526 direximus,
1925 2447 2175 2536 aliquid
2236 2445 2571 2514 exhalavit
2632 2447 2943 2530 nubilum,
3002 2445 3161 2534 quod

1103 2559 1328 2620 tamen
1419 2553 1866 2640 perstantibus
1950 2553 2023 2616 in
2092 2577 2209 2618 sua
2280 2553 2529 2618 virtute
2596 2553 2885 2618 caritatis
2942 2559 3161 2632 vestrae

1101 2659 1318 2736 radiis,
1409 2679 1604 2746 super
1691 2661 1983 2724 nostram
2070 2657 2467 2744 parvitatem
2562 2657 2823 2724 uberius
2910 2657 3161 2736 diffusis,

1103 2763 1448 2828 accedente
1491 2763 1840 2828 verborum
1883 2763 2081 2848 hujus
2126 2763 2385 2850 paginae
2428 2765 2743 2850 tanquam
2788 2783 2955 2828 aurae
3010 2761 3161 2826 lenis

1107 2867 1474 2954 spiramine,
1545 2889 1874 2954 speramus
1925 2865 2191 2954 penitus
2260 2865 2717 2956 dissipandum.
2836 2865 3159 2934 Voluimus

1105 2993 1386 3058 namque
1461 2971 1536 3036 in
1609 2973 1884 3058 praefata
1944 2973 2205 3060 pagina,
2276 2995 2473 3058 quam
2546 2971 2733 3038 vobis
2808 2971 3159 3050 direximus

1107 3075 1512 3140 conditiones
1557 3075 1714 3140 boni
1757 3075 2041 3162 pastoris
2082 3075 2369 3142 breviter
2404 3081 2683 3164 tangere,
2728 3081 2795 3142 et
2836 3063 3161 3142 incidimus

1105 3177 1178 3244 in
1221 3179 1386 3246 illud
1415 3179 1764 3268 poeticum,

2040 3323 2079 3352 “
2112 3317 2341 3384 Brevis
2388 3339 2523 3384 esse
2568 3317 2787 3396 laboro
2810 3315 2841 3340 ‘³
2888 3325 2951 3384 et

1643 3427 1682 3456 ‘⁶
1729 3421 2067 3488 Obscurus
2110 3421 2251 3488 fio.”
2326 3501 2329 3504 ἦ

1107 3573 1276 3642 Cum
1331 3575 1508 3642 enim
1559 3577 1856 3642 doctrina
1901 3583 1971 3644 et
2016 3579 2309 3666 operatio
2372 3579 2759 3666 generaliter
2810 3579 3165 3646 contineant

1109 3703 1256 3768 quae
1299 3681 1548 3748 bonum
1593 3687 1922 3770 pastorem
1966 3681 2331 3770 perficiunt,
2382 3705 2459 3750 ea
2502 3705 2651 3772 quae
2712 3683 3035 3772 pertinent
3088 3683 3167 3750 ad

1107 3787 1490 3866 doctrinam,
1541 3787 1953 3874 aliquantum
1998 3787 2297 3852 diffusius
2358 3791 2429 3854 et
2472 3789 2865 3854 luculentius
2930 3789 3165 3876 scripsi-

1103 3913 1288 3956 mus:
1339 3913 1486 3976 quae
1531 3913 1688 3956 vero
1731 3891 1818 3954 ad
1861 3891 2307 3980 operationem
2368 3891 2675 3972 attinent,
2694 3963 2699 3966 ,
2718 3891 3057 3956 brevitatis
3110 3895 3171 3958 et

1109 3993 1530 4062 obscuritatis
1589 3993 1816 4060 nubilo
1881 3995 2077 4060 nimis
2148 3993 2539 4074 obteximus,
2584 3999 2665 4060 ut
2708 3995 2893 4082 quasi
2952 3997 3171 4062 omissa

1107 4099 1372 4164 omnino
1417 4099 1816 4178 viderentur,
1865 4099 2019 4164 licet
2064 4105 2289 4164 nostra
2330 4099 2613 4166 intentio
2658 4099 2805 4186 plus
2862 4101 3053 4164 etiam
3104 4101 3175 4164 in

1107 4203 1284 4272 dicta
1327 4205 1572 4294 pagina
1611 4203 1778 4270 bene
1827 4209 2205 4290 operantem
2250 4203 2579 4290 quaesierit
2634 4225 2831 4290 quam
2886 4203 3177 4294 praeclare

1107 4311 1452 4376 docentem
1479 4335 1496 4390 ;
1541 4331 1658 4374 nec
1721 4307 2073 4374 crediderit
2116 4329 2199 4388 se,
2248 4309 2507 4394 qualem
2552 4329 2669 4374 vos
2710 4307 3063 4374 luculenter
3116 4315 3181 4374 et

1109 4415 1440 4500 eleganter
1483 4413 1872 4494 describitiS,
1905 4417 2287 4500 operantem
2334 4413 2601 4476 omnino
2630 4411 2895 4478 siluisse.
2968 4413 3183 4476 Malle-

1107 4539 1254 4580 mus
1299 4515 1546 4602 utique,
1595 4515 1764 4580 sicut
1811 4521 1880 4580 et
1925 4537 2045 4602 vos
2096 4515 2307 4602 magis
2350 4515 2571 4596 vultis,
2616 4523 2939 4602 pastorem
2994 4515 3181 4582 utris-

1944 4805 1959 4834 1
1992 4805 2073 4870 ut]
2100 4811 2163 4866 et,
2188 4803 2363 4856 ΘΟΕ.
