3875 5734
1571 873 1924 922 Eris'roLAE.
2672 865 2793 924 301

705 1051 890 1138 justa
931 1051 1002 1112 et
1045 1047 1368 1134 condigna
1393 1071 1634 1134 poena:
1685 1047 1798 1112 sed
1843 1049 2001 1112 lieet
2054 1051 2127 1112 in
2190 1053 2459 1134 spiritus
2502 1071 2799 1116 mansue-
2826 1071 2987 1124 Exod.

713 1149 942 1218 tudine
987 1155 1054 1216 et
1101 1151 1468 1216 dilectionis
1515 1149 1963 1236 super-fervido
2010 1153 2235 1228 calore,
2280 1151 2355 1214 in
2394 1151 2801 1216 fortitudinis
2826 1141 2989 1190 ³¹³5·
3012 1147 3093 1200 32,

711 1259 932 1320 tamen
1003 1277 1140 1318 11011
1211 1253 1506 1320 relaxato
1565 1255 1812 1332 robore,
1863 1275 2009 1318 cum
2076 1253 2233 1316 filiis
2312 1253 2477 1318 Levi
2536 1257 2673 1318 iens
2736 1261 2805 1320 et

709 1359 960 1422 rediens
1011 1359 1088 1422 de
1151 1363 1344 1444 porta
1387 1377 1594 1442 usque
1637 1357 1724 1420 ad
1769 1361 2031 1442 portam
2074 1377 2191 1440 per
2232 1357 2521 1420 medium
2566 1361 2803 1422 castro-

713 1485 856 1524 rum
901 1461 1136 1526 occidit
1167 1461 1274 1524 die
1305 1483 1440 1524 uno
1487 1459 1616 1524 tria
1641 1455 1660 1492 ¹
1709 1459 1896 1522 milia
1937 1457 2277 1524 hominum
2322 1457 2437 1542 qui
2484 1459 2555 1520 in
2604 1459 2803 1524 vituli

713 1563 1164 1628 conflationem
1253 1565 1742 1628 consenserant:
1831 1561 1904 1624 in
1980 1581 2111 1646 quo
2196 1561 2373 1626 facto
2444 1561 2569 1624 11111
2644 1559 2805 1626 Levi

711 1687 962 1732 manns
1005 1689 1166 1732 suas
1237 1671 1788 1732 consecraverunt
1837 1661 2159 1742 Domine,
2212 1669 2271 1728 et
2330 1661 2499 1728 data
2558 1667 2649 1728 est
2710 1661 2805 1728 eie

713 1767 1086 1836 benedictio,
1209 1767 1346 1834 Vos
1421 1769 1646 1854 itaque
1721 1767 1880 1832 estis
1954 1767 2069 1852 qui
2144 1767 2397 1852 Moysis
2462 1787 2803 1852 personam

711 1871 932 1958 geritis
995 1873 1172 1936 inter
1237 1893 1358 1936 nos
1421 1877 1490 1938 et
1553 1871 1728 1934 filios
1775 1875 2035 1936 nostros
2102 1871 2483 1950 carissimOS,
2546 1875 2805 1936 nostros

711 1979 930 2040 tamen
975 1975 1398 2052 adversarios
1461 1973 1702 2060 judicis
1763 1973 2113 2060 fungentes
2156 1971 2393 2056 offici03
2438 1973 2805 2040 consideret,

709 2079 912 2166 igitur
963 2079 1212 2164 Moysis
1277 2077 1580 2144 discretio
1629 2083 1694 2142 et
1743 2077 2077 2142 subtiliter
2122 2077 2455 2162 dijudicet,
2524 2079 2579 2142 si
2642 2079 2805 2142 dicti

711 2181 1076 2262 adversarii,
1143 2183 1294 2248 licet
1367 2181 1490 2246 filii
1555 2181 1784 2258 nostri,
1853 2181 2039 2244 velut
2104 2181 2389 2246 vitulum
2456 2203 2593 2244 non
2652 2203 2803 2248 con-

711 2283 1030 2364 flaverint,
1109 2289 1176 2348 et
1223 2283 1408 2350 velut
1481 2305 1602 2370 pro
1677 2283 1820 2348 Deo
1897 2305 2035 2348 non
2112 2283 2565 2364 adoraverint3
2644 2285 2803 2350 dum

711 2389 1214 2454 conventionum
1289 2395 1358 2454 et
1431 2389 1622 2454 bonae
1711 2387 1874 2452 fidei
1952 2389 2453 2472 promissionum
2524 2391 2805 2454 veritate

713 2495 780 2556 et
821 2491 1204 2556 sacramenti
1251 2491 1562 2578 religione
1615 2489 1878 2568 relictis„
1925 2493 2031 2554 tot
2076 2489 2347 2556 frivolas
2392 2493 2805 2576 exceptiones

713 2601 778 2660 et
851 2595 1338 2682 appellationes,
1415 2601 1520 2660 tot
1607 2595 2079 2680 figmentorum
2154 2595 2621 2672 cavillationes
2700 2599 2805 2660 tot

713 2697 982 2784 diffugia
1025 2697 1254 2762 illicita
1317 2697 1394 2762 in
1457 2697 1680 2784 ignem
1725 2697 2021 2760 ardentis
2066 2697 2373 2762 desiderii
2418 2719 2805 2784 quocunque

713 2801 900 2864 modo
963 2823 1030 2866 se
1091 2799 1488 2866 defendendi
1547 2803 2015 2886 congesserunt
2082 2805 2151 2864 et
2220 2799 2805 2886 coadjuvaverunt‚

713 2907 778 2968 et
819 2903 1004 2970 velut
1049 2925 1134 2968 ex
1169 2903 1296 2992 ,his
1341 2903 1628 2970 vitulum
1647 2901 1672 2938 ²
1721 2901 2115 2968 conflatilem
2180 2923 2299 2988 pro
2364 2925 2521 2968 vera
2586 2903 2807 2968 defen-

713 3009 884 3072 sione
917 3007 1354 3072 excoluerunt.
1403 3005 1752 3090 Numquid
1793 3005 2019 3090 itaque
2064 3005 2241 3070 zelus
2272 3005 2521 3090 Moysis
2562 3007 2811 3090 poterit

711 3131 842 3174 non
885 3113 1214 3196 percutere
1283 3111 1356 3172 in
1421 3107 1640 3196 gladio
1685 3129 1912 3172 omnes
1978 3107 2355 3192 hujusmodi
2408 3105 2805 3184 conflatores

711 3219 776 3276 et
819 3213 1000 3276 velut
1043 3213 1204 3276 idoli
1249 3235 1368 3298 pro
1413 3213 1712 3290 veritate,
1771 3233 1844 3276 ac
1905 3211 1997 3276 sic
2054 3231 2173 3296 pro
2220 3211 2361 3276 Deo
2408 3211 2521 3296 qui
2564 3211 2807 3276 veritas

713 3319 824 3390 est,
871 3315 1148 3378 cultores
1191 3321 1260 3378 et
1303 3315 1712 3378 adoratores?
1801 3313 2151 3398 Numquid
2178 3335 2313 3378 non
2358 3333 2613 3378 manne
2642 3335 2805 3378 suas

713 3417 1108 3484 consecrabit
1165 3423 1246 3482 nt
1307 3413 1834 3482 benedictionem
1901 3413 2219 3498 accipiat,
2288 3415 2365 3480 in
2426 3437 2535 3480 ore
2598 3417 2799 3502 gladii

711 3521 870 3584 tales
943 3519 1322 3586 occidendo?
1433 3517 1870 3584 Proculdubio
1937 3519 2257 3594 veraciter
2330 3517 2591 3602 Moyses
2664 3541 2799 3582 non

713 3623 850 3700 erit,
899 3621 1078 3706 cujus
1123 3645 1392 3686 manum
1451 3623 1526 3686 in
1581 3619 1704 3684 hac
1749 3627 1934 3708 parte
1982 3621 2415 3686 mansuetudo
2460 3643 2575 3684 seu
2618 3643 2799 3684 amor

711 3725 814 3788 vel
857 3723 1034 3788 aliud
1079 3725 1428 3810 quicquam
1473 3723 1856 3802 retraxerit3
1901 3723 2019 3786 sed
2058 3723 2291 3788 timere
2336 3723 2583 3810 poterit
2628 3723 2803 3808 quod

2826 1209 2855 1252 2

2862 1209 2907 1266 8,
2930 1213 3011 1258 29.

713 3825 1018 3912 scriptum
1063 3831 1182 3908 est,
1247 3825 1658 3892 Maledictus
1699 3825 1826 3912 qni
1881 3825 2187 3910 prohibet
2230 3825 2551 3910 gladium
2594 3847 2803 3890 snum
2826 3837 2935 3888 Jer.
2958 3835 3121 3886 xlviii.

711 3951 756 3992 a
799 3929 1170 4014 eanynine.
1265 3927 1610 4014 Numquid
1667 3951 1804 3992 non
1849 3927 2013 3992 Heli
2068 3929 2363 3992 sacerdos
2418 3929 2803 4014 reprobatus

713 4035 810 4094 est
855 4035 920 4094 et
963 4033 1446 4110 condemnatus
1517 4053 1590 4096 60
1657 4031 1834 4116 quod
1879 4029 2049 4094 filios
2112 4031 2563 4116 delinquentes
2604 4031 2803 4096 nimis

711 4131 968 4198 remisse
1015 4133 1366 4220 corripuit?
1453 4133 1800 4218 Numquid
1859 4155 1995 4196 non
2038 4155 2157 4198 vos
2200 4135 2411 4200 vicem
2456 4135 2805 4200 sacerdotis

711 4239 778 4300 et
819 4227 1024 4320 patris
1067 4237 1154 4300 ad
1195 4239 1454 4302 nostros
1485 4235 1892 4302 adversarios
1935 4237 2103 4300 sicut
2148 4239 2217 4300 et
2262 4235 2349 4300 ad
2394 4257 2513 4302 nos
2542 4239 2805 4322 geritis?

715 4335 994 4402 Omnino
1041 4339 1304 4422 quidem
1371 4339 1600 4424 geritis
1665 4339 1826 4402 dum
1871 4337 2015 4404 vice
2076 4343 2147 4404 et
2212 4339 2607 4404 auctoritate
2656 4341 2805 4404 fun-

713 4437 940 4526 gimini
985 4441 1224 4506 summi
1269 4439 1626 4506 Pontificis.
1719 4439 1882 4506 Saul
1937 4441 2327 4528 reprobatus
2374 4445 2471 4506 est
2516 4447 2583 4506 et
2628 4443 2805 4530 regia

715 4543 1032 4632 dignitate
1075 4545 1390 4632 privatus,
1437 4545 1594 4632 quia
1653 4545 1792 4630 regi
1837 4543 2041 4630 Ayay
2070 4551 2131 4608 et
2176 4543 2459 4630 optimis
2496 4545 2805 4630 yreyibus

783 4767 798 4798 ¹
831 4769 954 4836 tria]
981 4767 1164 4836 viginti
1185 4769 1298 4830 tria,
1321 4767 1376 4818 in
1399 4767 1562 4818 Exod.
1765 4765 1778 4830 1
1871 4767 1892 4794 ²
1921 4763 2149 4830 vitulum]
2186 4743 2361 4824 unum,
2384 4763 2583 4826 C.C.C.,
2608 4767 2705 4818 Ox.

2308 4881 2535 4944 '1364—

2832 3909 2853 3954 1

2832 4561 2859 4604 1

2828 4629 2859 4674 9

2862 3909 2909 3954 0.

2878 4551 3013 4604 Sam.
3032 4565 3123 4602 xv.
