3875 5734
1589 795 1947 846 EPISTOLAE.
2694 785 2823 854 387

727 969 1034 1054 expertus
1101 973 1168 1034 et
1239 969 1652 1062 exercitatus
1721 977 1790 1038 et
1855 971 2039 1056 cujus
2094 975 2237 1036 erat
2292 971 2519 1036 arietis
2578 971 2823 1036 sublati

725 1095 876 1138 cura
919 1073 1256 1160 superior3
1315 1073 1658 1162 ipsumque
1721 1077 2233 1162 praecurrentem
2292 1073 2623 1140 subsecuti
2664 1073 2823 1140 fuis-

723 1181 870 1244 sent
929 1179 1170 1248 alacres
1233 1179 1318 1244 ad
1381 1179 1804 1266 adjutorium,
1867 1201 2001 1242 non
2054 1181 2495 1266 occursassent
2552 1177 2825 1244 rebelles

723 1289 788 1350 et
833 1281 1190 1348 obicientes
1241 1283 1802 1370 impedimentum.
1897 1281 2009 1346 Sic
2074 1281 2283 1368 igitur
2350 1283 3047 1368 011111·οΡ1800111110111191·
3062 1309 3157 1344 can

723 1385 928 1474 magis
971 1385 1060 1452 sit
1107 1407 1264 1452 cura
1305 1385 1676 1452 animarum
1725 1407 1860 1452 suae
1905 1385 2201 1450 dioecesis
2242 1405 2441 1476 quam
2486 1389 2823 1470 pastorum
2846 1359 3157 1492 {lsstlfiffhops

721 1487 1112 1568 inferiorum,
1159 1491 1428 1578 ipseque
1495 1491 1584 1556 sit
1645 1489 1736 1554 ad
1783 1487 2199 1562 liberandum
2258 1485 2511 1554 animas
2570 1489 2651 1554 de
2714 1511 2821 1554 ore
2846 1503 3035 1574 pasgors

725 1593 932 1662 leonis
995 1593 1332 1680 ‘my-tendo
1415 1593 1778 1680 querentis
1863 1615 2061 1680 quem
2140 1593 2415 1674 devoret,
2496 1597 2821 1680 potestate
2846 1563 3039 1678 ffigfft
3060 1569 3113 1612 ω

719 1699 1082 1764 sublimiori
1127 1697 1472 1786 vigentior,
1519 1703 1664 1764 arte
1709 1701 1778 1764 et
1821 1697 2291 1764 exercitatione
2338 1695 2649 1784 peritior3
2698 1695 2823 1782 ipsi
2854 1715 2871 1758 1
2904 1709 2959 1760 S.
2982 1707 3091 1760 Pet.

719 1809 1006 1890 pastores
1051 1803 1114 1866 ei
1159 1803 1456 1886 subjecti,
1503 1803 1556 1866 si
1605 1803 1816 1866 zelum
1863 1803 2115 1868 habent
2160 1803 2389 1868 salutis
2436 1801 2823 1882 animarum,
2850 1795 2897 1828 v.
2922 1783 2969 1830 ⁸·

719 1907 932 1992 ipsum
977 1909 1368 1990 praesentem
1411 1905 1620 1992 magis
1679 1907 2035 1972 hortantur
2080 1911 2149 1970 et
2196 1907 2489 1972 excitant
2532 1907 2619 1972 ad
2662 1927 2829 1992 pree-

719 2009 1110 2076 currendum
1155 2031 1262 2074 eos
1305 2009 1378 2074 in
1421 2009 1790 2076 animarum
1857 2009 2263 2090 liberatione,
2330 2033 2527 2098 quam
2596 2009 2825 2076 salutis

719 2115 992 2202 propriae
1047 2117 1116 2178 et
1157 2115 1526 2178 animarum
1579 2113 1708 2180 sibi
1761 2113 2051 2180 obiciant
2098 2115 2483 2202 cujusquam
2546 2115 2823 2202 impedi-

717 2217 924 2284 menti
967 2217 1366 2304 repagulum.

805 2321 1130 2388 Praeterea
1157 2321 1390 2408 aliquis
1427 2327 1766 2408 pastorum
1815 2323 1936 2388 sub
1984 2321 2207 2388 David
2248 2323 2607 2410 positorum
2652 2323 2823 2388 forte
2844 2325 3069 2404 Besides3

721 2425 1040 2512 potuisset
1103 2425 1184 2490 de
1237 2425 1530 2490 faucibus
1577 2427 1718 2514 lupi
1761 2427 1868 2492 vel
1911 2427 2103 2514 alicuj
2112 2449 2187 2490 us
2252 2427 2523 2492 minoris
2592 2427 2819 2492 bestiae
2844 2391 3151 2526 {ffipffifflfft

723 2551 908 2592 ovem
939 2535 1196 2614 captam
1227 2529 1466 2594 eruisse
1491 2555 1504 2610 ;
1551 2529 1664 2594 sed
1697 2529 1776 2594 de
1805 2529 2103 2596 faucibus
2130 2529 2269 2594 ursi
2298 2531 2407 2596 vel
2452 2529 2655 2594 leonis
2684 2553 2821 2594 non
2842 2545 2925 2608 are
2946 2525 3151 2576 inferior

647 2621 650 2626 ¹
721 2639 932 2718 posset
977 2655 1164 2698 ovem
1211 2635 1466 2718 captam
1507 2655 1750 2712 eruere,
1783 2631 1914 2696 nisi
1962 2633 2067 2698 vir
2106 2631 2513 2698 fortitudinis
2544 2633 2817 2720 egregiae
2838 2613 2893 2646 m
2910 2611 2943 2660 p
2946 2607 3115 2652 ower;

719 2735 824 2802 vel
887 2735 1176 2802 audaciae
1241 2737 1600 2824 praecipuae,
1655 2735 1862 2822 qualis
1921 2735 2055 2802 fuit
2112 2737 2251 2822 ipse
2296 2737 2535 2816 David,
2586 2759 2817 2804 manu-

721 2841 904 2908 fortis
995 2841 1348 2906 secundum
1429 2839 1530 2906 sui
1625 2841 1910 2904 nominis
1998 2839 2619 2928 interpretationem,
2714 2863 2817 2906 co-

723 2949 1020 3032 operatus
1049 2949 1220 3012 esset
1237 2943 1274 3010 ¹.
1367 2943 1478 3008 Ad
1519 2943 1696 3010 hunc
1723 2945 1991 3010 modum
2022 2943 2325 3030 quaedam
2368 2943 2605 3010 animae
2652 2967 2813 3030 qua-s

721 3053 1200 3136 occupaverunt
1263 3047 1448 3126 vitia,
1517 3047 1792 3114 seculari
1855 3051 2211 3136 potentatu
2288 3047 2611 3128 roborata,
2676 3071 2811 3114 non

721 3157 876 3218 sunt
919 3153 1292 3240 ereptibiles
1337 3153 1424 3218 ab
1467 3151 1840 3240 hujusmodi
1867 3151 2073 3234 vitiis,
2116 3151 2247 3216 nisi
2292 3153 2361 3216 in
2408 3175 2605 3218 manu
2652 3151 2807 3220 forti

721 3255 1112 3322 sublimioris
1197 3255 1642 3320 ecclesiasticae
1709 3255 2073 3342 potestatis
2198 3255 2539 3336 Quomodo
2598 3255 2807 3342 igitur

723 3359 946 3426 dicunt
1025 3359 1362 3426 inferiores
1435 3363 1812 3450 potestateS,
1889 3367 1926 3394 “
1944 3359 2261 3426 Nostrum
2334 3363 2457 3444 est,
2532 3365 2597 3446 et
2672 3381 2805 3426 non

723 3471 756 3498 “
801 3465 1094 3552 episcopi,
1175 3465 1382 3530 omnis
1397 3463 1426 3500 2
1503 3465 1656 3532 vitii
1723 3467 2299 3552 quantumcunque
2372 3465 2663 3552 potentis
2738 3471 2805 3530 et

725 3573 758 3600 “
801 3573 1104 3654 potenter
1173 3569 1460 3632 animam
1529 3567 1884 3634 detinentis
1954 3567 2261 3634 correctio
2316 3573 2383 3634 et
2428 3569 2661 3634 animae
2720 3567 2805 3632 ab

723 3677 756 3702 “
799 3669 1022 3736 eodem
1069 3671 1322 3754 eruiti0‚
1367 3671 1494 3738 nisi
1539 3671 1706 3738 forte
1751 3671 1890 3760 ipsa
1937 3673 2243 3738 correctio
2290 3673 2679 3738 devolvatur
2718 3671 2807 3738 ad

723 3779 752 3808 “
797 3773 1166 3862 episcopum
1223 3799 1338 3864 per
1389 3781 1682 3842 nostram
1727 3777 2197 3864 negligentiam
2264 3783 2379 3840 aut
2424 3771 2541 3864 per
2582 3777 2801 3864 appel-

721 3885 756 3912 “
797 3879 1106 3946 lationem
1153 3903 1194 3946 a
1235 3879 1468 3948 nobis?
1493 3879 1528 3906 ’³
1617 3879 1688 3948 N
1689 3879 1943 3966 unquid
1986 3885 2271 3968 potestas
2334 3879 2625 3946 canonici
2684 3885 2803 3946 aut
2826 3913 2883 3948 so
2904 3893 2991 3942 the

721 3981 942 4048 decani
1001 3987 1120 4050 aut
1183 3985 1382 4050 etiam
1451 3985 1724 4072 capituli
1787 3981 2027 4050 sufficit
2078 3987 2165 4050 ad
2208 3983 2681 4070 suffocandum
2742 3993 2803 4050 et
2824 3953 3129 4086 {ffgvgffaffier

719 4083 1272 4172 intewficiendum
1313 4089 1710 4154 adulterium
1737 4089 1844 4154 vel
1875 4089 2205 4154 consimile
2236 4089 2477 4153 vitium
2508 4089 2799 4178 potentis
2822 4099 2881 4180 {n
2904 4103 3117 4172 repress-

719 4191 966 4256 comitis
1033 4197 1152 4258 aut
1213 4191 1574 4272 comitissae,
1637 4197 1716 4258 ut
1769 4197 2037 4258 eruatur
2088 4191 2309 4256 anima
2352 4197 2665 4278 occupata
2708 4193 2793 4258 ab
2824 4171 3097 4286 {finxi-{³01-

719 4293 1086 4382 hujusmodi
1159 4297 1472 4362 crimine?
1587 4295 1658 4362 N
1661 4295 1910 4384 unquid
1998 4317 2133 4364 non
2222 4295 2421 4362 etiam
2514 4301 2801 4386 potestas
2826 4311 2881 4356 to
2900 4299 3009 4350 that
3032 4291 3093 4340 of

719 4401 1090 4488 episcopalis
1163 4401 1238 4468 in
1323 4401 1446 4468 hoc
1547 4423 1700 4468 casu
1791 4401 1947 4468 satis
2038 4403 2161 4468 erit
2250 4401 2529 4468 debilis?
2660 4401 2805 4468 Imo
2828 4373 2915 4422 ‘he
2944 4357 3139 4422 mshop.

783 4581 800 4610 ¹
831 4589 1106 4648 cooperatus
1127 4581 1274 4648 esset]
1313 4597 1410 4632 om.
1435 4581 1592 4644 Tria„
1617 4581 1826 4642 G.c.0.;
1861 4581 2079 4632 inserted
2102 4581 2161 4632 in
2184 4581 2283 4632 Ox.
2306 4581 2377 4646 by
2402 4581 2697 4648 Gascoigne.

779 4663 802 4696 ²
829 4661 1004 4728 omnis]
1031 4677 1230 4724 -omneS‚
1265 4659 1462 4722 0.0.C.,
1487 4661 1628 4712 Trin·
1699 4677 1704 4688 ’·
2508 4735 2549 4796 2

2332 4749 2379 4796 Β
2420 4749 2463 4796 Β
