3875 5734
1555 849 1910 900 EPISTOLAE.
2640 841 2767 904 305

701 1033 864 1094 tuna
905 1023 1162 1110 largitio
1209 1023 1494 1090 muneris
1539 1029 1638 1092 est
1681 1025 2171 1110 augmentati03
2214 1047 2361 1112 quae
2406 1027 2463 1092 si
2502 1027 2621 1092 fiat
2682 1049 2767 1092 ex
2794 1035 3021 1086 Domini-

701 1131 914 1194 animo
977 1131 1274 1214 prompto
1339 1133 1404 1192 et
1467 1127 1796 1206 benevolo,
1843 1131 1947 1192 est
2006 1127 2205 1192 etiam
2266 1127 2509 1194 divinae
2572 1129 2763 1194 dilec-
2790 1119 2911 1220 {affl
2928 1109 3079 1220 {3131

697 1233 892 1296 tionis
935 1231 1334 1316 adquisiti03
1375 1235 1664 1296 testante
1709 1229 2039 1316 Apostolo,
2088 1231 2203 1314 qui
2256 1229 2415 1296 dicit
2476 1231 2765 1296 hilarem
2790 1235 2871 1284 He
2892 1235 3045 1314 hopes

701 1335 994 1400 datorem
1067 1331 1306 1418 diziyit
1379 1333 1580 1398 Deus,
1693 1333 1826 1398 Vos
1883 1333 2109 1420 itaque
2184 1331 2297 1420 qui
2370 1333 2525 1398 estis
2598 1333 2765 1400 sicut
2788 1303 3095 1434 ζιζθξὴᾘιὲθᾱ

699 1443 842 1502 rota
911 1459 1106 1524 quam
1169 1435 1346 1502 vidit
1407 1437 1720 1516 Ezechiel,
1795 1459 1930 1502 non
2004 1438 2209 1502 solum
2286 1435 2413 1500 alio
2478 1437 2765 1502 exterius
2788 1437 2887 1488 less
2906 1437 3003 1486 fre-

697 1539 1082 1628 impellente,
1131 1541 1244 1606 sed
1295 1539 1598 1606 interiori
1661 1541 1928 1626 spiritus
1972 1539 2129 1608 vitae
2196 1539 2613 1606 inclinatione
2680 1541 2765 1606 ad
2790 1503 3037 1644 {³325}

701 1665 884 1710 omne
945 1645 1190 1710 bonum
1253 1645 1588 1722 volubileS,
1635 1643 1822 1710 decet
1881 1649 2133 1710 vestras
2196 1643 2575 1730 largitiones
2630 1665 2765 1708 non
2792 1661 2839 1712 7.
2946 1629 2959 1644 ⁹
3040 1629 3053 1642 ⁰

697 1748 868 1812 ultra
909 1769 1106 1832 quam
1145 1747 1456 1814 convenit
1511 1749 1884 1832 protrahere
1913 1773 1928 1830 3
1974 1751 2041 1812 et
2084 1747 2385 1826 maxime,
2434 1769 2581 1814 cum
2622 1747 2767 1834 ipsa
2790 1737 2971 1856 ξέθθὴ·
2988 1737 3021 1788 i.

701 1851 922 1916 dilatio
967 1851 1036 1914 in
1099 1851 1326 1914 salutis
1383 1849 1748 1916 animarum
1793 1855 2029 1938 vergat
2078 1851 2573 1916 detrimentum.
2662 1851 2765 1916 De
2858 1843 2871 1856 ’

695 1953 992 2040 largitate
1037 1959 1106 2020 et
1161 1953 1554 2020 liberalitate
1595 1959 1818 2020 vestra
1859 1959 2235 2042 reputamus
2300 1977 2417 2022 nos
2462 1953 2765 2042 accipere,

697 2057 848 2122 licet
887 2057 956 2120 id
999 2057 1352 2124 habeamus
1401 2079 1442 2120 a
1505 2055 1754 2124 domini
1817 2059 2013 2144 Papae
2076 2057 2419 2146 privilegio
2484 2063 2555 2124 et
2616 2079 2765 2122 con-

701 2159 992 2240 cessione,
1067 2161 1244 2248 quod
1331 2161 1492 2226 duos
1573 2161 1652 2226 de
1725 2163 2037 2226 fratribus
2112 2163 2349 2228 vestris
2424 2161 2771 2226 debeamus

697 2265 1026 2328 nobiscum
1115 2269 1586 2330 commorantes
1671 2265 1906 2330 habere
1998 2265 2069 2328 in
2140 2265 2351 2330 nostri
2424 2265 2771 2328 ministerii

699 2367 1056 2454 complendi
1157 2367 1572 2454 adjutorium.
1707 2367 1810 2432 Ne
1895 2367 2105 2454 igitur
2192 2369 2399 2432 vestri
2484 2367 2771 2430 muneris

697 2471 1046 2558 plenitud0,
1097 2469 1352 2556 Deique
1397 2493 1552 2558 erga
1595 2491 1714 2534 nos
1781 2469 2061 2550 djlectio,
2108 2469 2421 2536 dilatione
2466 2475 2533 2534 et
2586 2469 2769 2556 quasi

703 2575 976 2662 quadam
1017 2575 1372 2640 retinentia
1391 2573 1412 2610 ¹
1475 2573 1812 2640 tribuendi
1843 2573 2131 2638 muneris
2172 2573 2553 2652 minoretur,
2600 2575 2775 2638 salus

699 2699 946 2764 quoque
989 2677 1358 2742 animarum
1419 2677 1636 2742 minus
1695 2677 2025 2754 efficiatur,
2070 2697 2189 2742 vos
2226 2697 2531 2762 rogamus
2576 2697 2773 2760 quam

699 2781 942 2846 sincera
1013 2783 1082 2844 et
1155 2781 1394 2846 devota
1467 2801 1808 2866 possumus
1881 2779 2237 2856 affectione,
2310 2779 2619 2864 quatinus
2694 2781 2775 2844 de

699 2889 928 2950 caetero
975 2883 1064 2948 sic
1125 2883 1312 2948 nobis
1357 2883 1698 2970 providere
1745 2883 1983 2946 curetis
2046 2881 2127 2946 de
2190 2881 2501 2946 fratribus
2564 2883 2781 2948 nobis-

701 3009 842 3050 cum
899 2987 1262 3064 moraturis
1311 2991 1388 3052 ut
1435 2991 1670 3052 vestrae
1737 2985 2103 3070 largitionis
2168 2985 2395 3048 hilaris
2462 2985 2781 3072 prompti·-

697 3089 856 3154 tudo
899 3089 1142 3154 donum
1169 3093 1466 3154 vestrum
1507 3093 1576 3154 et
1619 3093 1856 3152 caetera
1897 3087 2215 3174 praedicta
2256 3087 2619 3174 adaugeat3
2662 3111 2781 3152 nec

701 3191 1010 3254 credimus
1055 3191 1244 3256 nobis
1273 3191 1380 3254 vel
1415 3191 1604 3256 vobis
1647 3189 1971 3276 expedire,
2002 3213 2123 3254 nec
2166 3189 2367 3256 saluti
2412 3191 2777 3254 animarum

695 3291 1008 3378 prodesse,
1061 3291 1168 3378 [ut
1215 3291 1332 3378 sit]
1377 3293 1656 3358 fratrum
1699 3291 2041 3356 nobiscum
2090 3295 2475 3358 commorari
2542 3295 2781 3358 deben-

701 3395 862 3458 tium
907 3401 1046 3458 tam
1113 3395 1416 3480 frequens
1461 3417 1658 3480 quam
1725 3395 1977 3480 hucusq
1980 3417 2057 3460 ue
2118 3395 2249 3460 fuit
2318 3399 2781 3476 commutati03

699 3519 842 3560 cum
887 3497 968 3560 de
1027 3519 1202 3564 novo
1263 3497 1792 3584 supervenientes
1839 3497 2055 3562 minus
2102 3499 2237 3564 sint
2304 3501 2647 3564 exercitati
2714 3505 2783 3564 et

695 3599 1028 3664 assuefacti
1071 3599 1146 3662 in
1187 3599 1290 3664 his
1337 3621 1484 3686 quae
1503 3599 1532 3636 2
1593 3601 1676 3664 ad
1721 3601 2069 3666 ministerii
2112 3603 2319 3666 nostri
2378 3603 2781 3688 supplemen-

697 3705 840 3764 tum
887 3705 1142 3786 oportet
1207 3723 1314 3766 eos
1361 3723 1676 3788 peragere.
1769 3703 2227 3790 Supplicamus
2292 3705 2559 3790 insuper
2604 3705 2781 3768 omni

697 3801 1034 3868 devotione
1081 3805 1390 3888 quatinus
1433 3805 1506 3868 in
1551 3805 1955 3870 orationibus
1982 3807 2217 3872 vestris
2258 3807 2393 3870 mei
2432 3807 2785 3892 peccatoris

701 3927 1006 3972 memores
1049 3927 1184 3972 esse
1237 3907 1618 3992 dignemini.
1743 3909 1979 3974 Valeat
2020 3909 2383 3996 paternitas
2448 3915 2667 3972 vestra
2710 3909 2781 3972 in

697 4007 994 4074 Domine.

761 4353 1076 4424 lretinentia]
1115 4353 1394 4416 renitentia,
1413 4355 1568 4406 MSS.
1723 4355 1736 4422 Ι
1831 4353 1854 4382 ²
1883 4353 2019 4420 quoe]
2056 4351 2157 4418 qui,
2182 4351 2367 4404 C.C.C.
