3875 5734
1537 861 1892 912 EPISTOLAE.
2632 843 2761 910 309

677 1037 876 1124 igitur
959 1035 1226 1122 majoris
1313 1037 1404 1102 sit
1491 1059 1700 1102 nexus
1787 1035 2103 1124 spiritalis
2190 1035 2491 1122 cognatio
2562 1055 2765 1122 quam

677 1139 958 1218 carnalis,
1023 1163 1100 1206 ac
1161 1161 1278 1226 per
1343 1139 1464 1206 hoe
1527 1139 1920 1206 obedientiae
1964 1139 2139 1226 patri
2196 1139 2475 1226 spiritali
2520 1139 2763 1206 debitae

677 1243 938 1308 violatio
1011 1245 1280 1330 gravius
1351 1229 1720 1330 punienda3
1795 1243 1945 1330 quis
2016 1243 2089 1308 in
2162 1241 2535 1328 hujusmodi
2610 1267 2765 1308 con-

677 1353 956 1410 tumaces
1031 1369 1168 1412 non
1241 1347 1460 1434 potius
1535 1345 1963 1412 excandescet
2050 1347 2123 1410 in
2204 1367 2485 1432 poenam,
2562 1367 2763 1432 quam

677 1449 890 1514 favore
957 1471 1064 1514 eos
1129 1451 1334 1536 eriget
1395 1449 1468 1512 in
1535 1449 1916 1536 ampliorem
1970 1449 2479 1514 contumaciam?
2568 1449 2759 1530 Quod

681 1553 734 1616 si
793 1549 962 1618 dicat
1015 1551 1164 1638 quis
1229 1551 1406 1638 quod
1463 1551 1644 1636 juste
1709 1551 1884 1638 patri
1950 1551 2289 1630 rebellant,
2358 1571 2475 1616 nec
2538 1551 2661 1618 1100
2722 1575 2765 1616 a

681 1677 998 1740 quoquam
1067 1655 1148 1720 de
1213 1653 1390 1720 facili
1451 1653 1997 1740 praesumendum,
2064 1655 2297 1720 saltem
2364 1653 2565 1720 donee
2634 1654 2763 1722 dis-

679 1781 930 1824 cussum
995 1757 1194 1824 fuerit
1253 1779 1370 1846 per
1435 1759 1936 1824 ecclesiasticum
1994 1759 2333 1844 judicium.
2436 1757 2763 1824 Praeterea

681 1883 834 1948 quos
893 1861 1182 1928 excludit
1201 1857 1224 1896 ²
1283 1863 1368 1926 ab
1425 1863 1718 1948 ingressu
1793 1863 2027 1926 domus
2102 1863 2373 1928 Domini
2436 1863 2765 1928 ordinaria

679 1971 958 2052 potestas
1005 1965 1444 2044 ecclesiastica,
1479 1965 1616 2032 sive
1651 1965 1832 2052 juste
1877 1965 2019 2030 sive
2060 1965 2305 2052 injuste
2350 1965 2469 2030 1100
2512 1965 2761 2030 factum

677 2069 884 2150 fuerit,
939 2069 1238 2154 nunquid
1307 2071 1596 2154 potestas
1657 2091 1790 2136 non
1859 2068 2307 2148 ecclesiastica,
2354 2073 2763 2156 quantacun·-

677 2193 800 2258 que
839 2171 1050 2250 fuerit,
1097 2195 1214 2238 sua
1261 2173 1650 2238 auctoritate
1705 2171 1977 2238 inducet
2038 2173 2111 2238 in
2156 2173 2423 2238 domum
2468 2173 2757 2250 Domini,

677 2277 1028 2362 praesertim
1081 2297 1230 2340 eum
1281 2275 1656 2362 hujusmodi
1703 2277 1866 2340 facti
1917 2277 2005 2340 ad
2046 2277 2423 2363 hujusmodi
2468 2281 2761 2362 potesta-

677 2383 808 2442 tem
851 2399 1260 2464 nequaquam
1305 2383 1554 2466 spectet
1601 2379 1963 2466 judicium?
2052 2377 2241 2460 Quod.
2306 2379 2361 2444 si
2428 2379 2629 2444 etiam
2672 2403 2759 2444 ex

677 2481 1012 2546 devotione
1041 2487 1546 2568 quantacunque
1575 2487 2001 2568 attemptaret
2028 2487 2317 2568 potestas
2360 2481 2753 2568 hujusmodi,

677 2585 830 2670 quid
855 2585 1034 2650 aliud
1059 2583 1298 2650 faceret
1327 2607 1526 2670 quam
1557 2609 1704 2650 cum
1733 2585 1886 2664 Oza‚
1921 2583 2097 2670 quod
2126 2607 2321 2670 supra
2360 2585 2575 2672 ipsum
2610 2591 2755 2652 erat

677 2691 1114 2774 praesumente,
1161 2709 1458 2754 manum
1507 2685 1602 2754 ad
1653 2685 1930 2754 archam
1980 2687 2277 2756 Domini
2334 2687 2753 2754 extenderet?
2780 2693 2811 2736 2
2836 2689 2969 2742 sam.
2992 2691 3059 2742 vi.

679 2793 942 2878 Propter
1003 2791 1196 2878 quod,
1249 2793 1404 2858 licet
1475 2789 1546 2856 id
1619 2813 1704 2856 ex
1765 2793 2049 2878 quadam
2114 2789 2461 2856 devotione
2530 2793 2755 2878 egerit,
2784 2763 2831 2820 6,
2856 2763 2901 2810 ⁷⁶

681 2895 1160 2982 indiynatione
1205 2895 1330 2960 2:2⁶oe
1359 2893 1492 2960 Dese:
1515 2915 1876 2980 percussus
1895 2895 2103 2980 juxta
2130 2895 2411 2960 archam
2454 2895 2767 2960 continuo

679 2997 938 3062 interiit.
1025 2997 1430 3084 Longissime
1461 2997 1682 3062 absint
1725 2995 2103 3084 hujusmodi
2146 3019 2187 3060 a
2228 2999 2447 3060 vestra
2486 2995 2769 3062 dilectis-

679 3101 836 3164 sima
851 3099 878 3136 2
925 3099 1380 3166 dominatione.
1473 3099 1928 3186 Supplieamus
1974 3101 2181 3186 igitur
2222 3101 2401 3166 0111111
2446 3123 2575 3186 qua
2618 3123 2767 3186 pos-

681 3225 896 3268 sumus
939 3201 1298 3284 affectione,
1343 3203 1654 3288 quatinus
1697 3225 1814 3290 pro
1865 3205 2229 3270 reverentia
2290 3207 2357 3268 et
2418 3203 2763 3270 dilectione

679 3309 722 3372 J
725 3327 834 3372 esu
923 3305 1184 3384 Christi,
1277 3307 1392 3394 qui
1479 3305 1666 3386 sicut,
1757 3307 2111 3372 secundum
2184 3307 2593 3396 Apostolum,
2684 3309 2759 3372 in
2786 3323 2809 3368 1
2838 3319 2891 3370 S.
2908 3319 3017 3370 Pet.
3042 3317 3073 3368 i.

681 3408 956 3498 praelatis
1001 3431 1116 3496 per
1159 3411 1334 3497 ipsos
1377 3409 1686 3496 loquitur,
1733 3411 1826 3476 sie
1887 3415 1955 3474 et
2016 3415 2251 3476 eaetera
2308 3411 2381 3474 in
2438 3411 2595 3498 ipsis
2644 3435 2761 3498 per
2788 3393 2863 3436 11‘

679 3513 844 3600 ipsos
889 3519 1208 3600 operatur,
1253 3513 1446 3590 unde,
1493 3517 1574 3596 ut
1615 3513 1754 3600 ipse
1813 3517 2115 3594 testatur,
2162 3519 2229 3578 et
2292 3513 2441 3600 Ipse
2482 3513 2557 3578 in
2598 3513 2763 3600 ipsis

679 3615 980 3702 susceptis
1025 3637 1142 3680 seu
1187 3617 1420 3702 spretis
1481 3615 1830 3702 suscipitur
1899 3621 1967 3680 et
2036 3617 2379 3702 spernitur,
2426 3617 2483 3680 si
2542 3615 2763 3702 aliqua

677 3717 860 3784 litera
931 3741 972 3784 a
1043 3723 1262 3784 vestra
1327 3719 1530 3784 fuerit
1597 3717 2041 3784 dominatione
2108 3741 2223 3806 per
2292 3719 2761 3804 surreptionem

679 3825 952 3900 obtenta,
1001 3823 1166 3888 talia
1229 3823 1610 3910 praecipiens
1679 3823 1898 3908 qualia
1966 3823 2337 3908 supradicta
2396 3825 2565 3900 sunt,
2614 3843 2759 3886 eam

679 3931 850 3992 curet
901 3927 1134 4014 regalis
1207 3925 1594 3992 excellentia
1667 3945 1983 3990 revocare.
2094 3925 2331 3990 Valeat
2400 3923 2761 3988 dominatio

677 4035 888 4096 vestra
929 4053 1044 4116 per
1085 4035 1376 4118 tempora
1423 4029 1726 4116 longiora.

741 4339 756 4368 ¹
779 4337 1010 4408 excludit]
1045 4337 1276 4400 includit,
1301 4335 1480 4392 Quo.
1683 4335 1694 4404 Ι
1787 4333 1808 4364 ‘²
1827 4329 2167 4396 dilectissima]
2194 4329 2541 4392 directissima,
2562 4325 2741 4380 C.C.c.
