3875 5734
673 1059 698 1104 1
725 1053 862 1104 Sam,

671 1137 798 1172 xvn.
815 1127 900 1174 35.

677 1293 894 1342 Further

671 1375 842 1410 conse-

671 1441 884 1490 quences
905 1425 966 1476 of

671 1493 758 1542 the
777 1493 886 1558 opi-

671 1559 818 1608 nions
841 1561 902 1610 of

671 1627 758 1678 the
765 1627 984 1692 chapter.

1007 867 1136 932 238
1659 877 1951 928 ROBERTI
1996 875 2455 930 enossmns'rn

1005 1059 1160 1138 ursi,
1207 1057 1376 1122 sicut
1421 1055 1646 1122 David
1689 1057 1886 1124 refert
1929 1059 2211 1146 seipsum
2254 1053 2499 1138 fecisse,
2542 1053 2925 1144 sequebatur
2982 1077 3081 1124 cos

1007 1167 1068 1226 ct
1103 1157 1530 1248 percutiebat,
1577 1161 1963 1248 canebatque
2006 1159 2089 1228 de
2132 1181 2241 1228 ore
2284 1161 2569 1226 eorum?

1097 1263 1380 1326 Videtur
1437 1263 1706 1352 insuper
1769 1265 1953 1350 sequi
2016 1285 2099 1330 ex
2142 1263 2361 1344 verbis·
2422 1257 2809 1328 intentionis
2850 1267 3089 1330 vestrae

1007 1365 1372 1452 propositiS,
1419 1365 1662 1452 absque
1709 1365 2127 1434 distinctione
2174 1365 2451 1452 duplicis
2494 1365 2949 1452 intelligentiae
2988 1387 3081 1430 se-

1007 1469 1292 1534 cundum
1337 1467 1658 1554 duplicem
1719 1471 1985 1536 modum
2040 1467 2457 1556 praedicandi,
2500 1487 2617 1554 per
2676 1491 2745 1534 se
2784 1467 3083 1536 videlicet

1007 1577 1128 1638 aut
1183 1593 1300 1658 per
1351 1567 1682 1654 accidens3
1733 1573 1908 1660 quod
1952 1573 2007 1638 si
2052 1573 2393 1660 contingat
2436 1577 2753 1638 rectorem
2802 1573 3081 1658 aliquem

1007 1675 1290 1740 ecclesiae
1333 1675 1716 1760 parochialis
1757 1695 1892 1742 non
1933 1675 2391 1762 praebendatae,
2438 1697 2649 1762 neque
2700 1675 3083 1762 pertinentis

1007 1779 1092 1842 ad
1159 1777 1550 1866 dignitatem
1617 1779 1904 1866 aliquam
1962 1779 2071 1844 vel
2142 1801 2555 1846 communem
2624 1777 3081 1844 Lineolniensis

1005 1881 1268 1958 eclesiae,
1329 1899 1442 1944 seu
1507 1881 1826 1946 vicarium
1889 1881 2171 1948 ecclesiae
2190 1881 2211 1918 ¹
2280 1881 2661 1970 hujusmodi
2718 1881 3081 1968 delinquere

1007 1983 1078 2046 in
1135 1971 1506 2068 hujusmodi
1569 1983 1834 2048 ecelesia
1899 1983 2009 2048 vel
2072 1983 2363 2070 ejusdem
2432 1983 2711 2050 ecelesiae
2770 1985 3081 2070 parochia,

1005 2085 1232 2152 eodem
1267 2089 1510 2150 rectore
1551 2085 1658 2152 vel
1703 2085 1951 2152 vicario
1994 2081 2321 2154 existente
2366 2085 2673 2154 canonico
2718 2089 2951 2170 vestre,
2980 2085 3085 2152 vel

1007 2189 1460 2274 frequentante
1499 2187 1768 2254 chorum
1809 2195 2123 2268 vestrum,
2154 2191 2265 2256 vel
2306 2191 2593 2256 habente
2622 2189 2931 2256 vicariam
2974 2211 3083 2256 seu

1009 2291 1288 2358 officium
1333 2289 1598 2376 aliquod
1661 2293 1969 2372 clericale,
2016 2294 2121 2358 vel
2186 2291 2589 2368 domicilium
2632 2293 2705 2358 in
2750 2293 3083 2380 dignitate,

1005 2395 1358 2482 praebenda
1397 2395 1508 2460 vel
1551 2417 1910 2476 communa,
1958 2398 2065 2462 vel
2108 2397 2433 2462 existente
2496 2397 2575 2462 de·
2640 2393 2913 2482 alicujus
2952 2421 3087 2464 ves-

1007 2503 1188 2564 trum
1229 2497 1494 2576 familia,
1539 2517 1676 2564 non
1721 2499 1926 2586 possit
1986 2499 2325 2586 episcopus
2366 2503 2583 2566 vester
2628 2499 2897 2586 alicujus
2940 2501 3087 2566 talis

1007 2623 1340 2668 excessum
1415 2605 1748 2690 corrigere,
1825 2603 1934 2668 vel
2026 2621 2287 2668 causam
2372 2605 2807 2688 emergentem
2892 2603 3083 2668 etiam

1007 2705 1262 2770 ratione
1335 2707 1626 2772 rectoriae
1643 2703 1672 2742 2
1745 2695 1854 2772 vel
1927 2705 2191 2772 vicariae
2264 2703 2643 2790 hujusmodi
2712 2703 3085 2772 descindere.

1007 2807 1226 2872 Simili
1295 2807 1496 2872 etiam
1563 2807 2013 2874 consecutione
2082 2807 2461 2892 frequenter
2526 2807 2793 2888 accidet,
2856 2805 3087 2874 delicta

1007 2909 1512 2996 praepotentium
1587 2911 1916 3000 impunita
1990 2915 2057 2976 et
2132 2909 2497 2976 incorrecta
2574 2929 2859 2992 manere,
2934 2909 3085 2976 dum

1007 3017 1232 3078 tamen
1305 3015 1556 3078 accidat
1621 3015 1880 3080 eosdem
1946 3019 2383 3102 praepotentes
2446 3013 2519 3078 in
2580 3015 2861 3078 rationes
2924 3033 3085 3098 prae-

1007 3117 1490 3180 nominatorum
1519 3117 1818 3198 incidere,
1851 3117 1961 3182 vel
2002 3117 2075 3180 in
2118 3117 2451 3204 praedictis
2492 3117 2653 3182 locis
2682 3117 3087 3200 delinquere3

1007 3219 1346 3306 continget
1409 3219 1584 3286 enim
1649 3221 2033 3308 plerumque
2100 3219 2277 3308 quod
2340 3221 2571 3288 decani
2632 3221 2739 3286 vel
2804 3219 3085 3288 canonici

1003 3327 1294 3408 potestas
1339 3321 1556 3388 minus
1599 3325 1989 3410 praevalebit
2034 3345 2229 3412 super
2278 3325 2709 3412 praepotentis
2752 3323 3083 3406 malitiam,

981 3447 1126 3498 ⁴nec
1169 3425 1416 3512 poterit
1459 3425 1850 3514 impotentia
1891 3429 2019 3492 rite
2064 3429 2391 3494 nominari
2430 3429 2875 3516 negligentia3
2916 3429 3087 3494 unde

1005 3529 1382 3616 hujusmodi
1427 3551 1724 3596 excessus
1777 3531 2091 3598 correctio
2154 3553 2493 3618 nunquam
2556 3531 2641 3596 ad
2710 3531 3085 3618 episcopum,

1005 3633 1364 3726 secundum
1407 3655 1542 3724 VOS,
1591 3635 2025 3716 devolvetur3
2092 3635 2247 3722 quia
2308 3653 2519 3722 neque
2586 3653 2703 3722 per
2766 3633 3089 3720 negligen-

1001 3737 1172 3800 tiam
1217 3739 1524 3818 vestram,
1571 3759 1720 3804 cum
1783 3737 1969 3804 nulla
2008 3737 2085 3804 in
2126 3739 2249 3804 tali
2292 3759 2451 3804 casu
2498 3739 2741 3826 poterit
2784 3741 3089 3826 reputari,

1003 3859 1216 3924 neque
1289 3861 1406 3926 per
1479 3843 2001 3928 appellationem,
2074 3861 2223 3906 cum
2294 3843 2453 3906 talis
2520 3837 2901 3928 delinquens
2962 3861 3091 3906 non

1005 3947 1188 4008 curet
1231 3941 1318 4008 ad
1363 3947 1786 4010 correctorem
1853 3945 2199 4032 appellare.
2290 3945 2469 4010 Sunt
2512 3945 2751 4036 summi
2772 3941 2799 3980 3
2844 3965 3093 4032 quoque

1005 4065 1304 4112 excessus
1349 4045 1616 4132 quidam
1683 4047 1922 4134 quibus
1990 4065 2347 4136 congruam
2412 4067 2679 4134 poenam
2742 4049 2913 4114 solus
2964 4049 3093 4134 epi-

1007 4163 1236 4238 scopus
1277 4151 1500 4236 potest
1525 4149 1868 4242 infligere}
1913 4155 2149 4238 utpote
2178 4171 2479 4218 excessus
2508 4151 2745 4238 quibus
2790 4151 3057 4220 debetur
3072 4151 3095 4188 ‘¹

1005 4275 1204 4342 poena
1277 4253 1730 4320 destitutionis
1807 4257 1874 4320 et
1952 4253 2485 4344 degradationisz
2576 4251 2877 4344 nunquid
2968 4263 3093 4320 non

1005 4357 1290 4444 episcopi
1355 4361 1454 4422 est
1515 4357 1894 4442 hujusmodi
1960 4379 2255 4424 excessus
2328 4359 2565 4446 punire
2638 4363 2709 4426 et
2770 4359 3097 4446 puniendo

1027 4743 1032 4746 ¹
1073 4683 1092 4716 ¹
1121 4701 1206 4736 scu
1237 4719 1256 4736 .
1287 4721 1304 4738 .
1337 4683 1570 4754 ecclesiae]
1607 4701 1706 4750 om.
1731 4685 1910 4748 C.C,c,
1982 4747 1987 4752 ⁶
2118 4743 2123 4748 0
2156 4689 2187 4748 ,⁸
2218 4685 2415 4752 summi]
2450 4701 2549 4740 om.
2574 4683 2771 4748 0200„
2790 4683 2997 4754 C.C.C22
3090 4743 3097 4748 ,

1069 4765 1094 4794 ²
1109 4767 1292 4816 rationu·
1313 4767 1552 4832 rectoriae]
1569 4783 1772 4820 romane
1793 4777 2005 4834 rectore,
2168 4785 2191 4816 4
2220 4781 2445 4848 debetur]
2480 4783 2637 4840 detur,
2660 4777 2839 4832 0120,

1003 4845 1222 4914 C.0.0.;
1253 4863 1456 4902 romane
1475 4849 1704 4922 rectorie,
1723 4851 1941 4930 &0532-
2138 4869 2141 4872 ·
2170 4851 2189 4856 “
2412 4885 2425 4914 2
