3875 5734
1583 827 1934 878 EPISTOLAE.
2666 825 2795 888 345

1629 1119 1910 1186 CXXII.

729 1317 1062 1394 Robertase,
1109 1313 1242 1380 Deo:
1279 1313 1516 1400 qratia
1559 1313 2067 1382 Lineolniensis
2116 1315 2505 1404 EpiscopuS,
2556 1317 2807 1384 dilectis
2916 1341 3057 1392 1246.

899 1419 986 1486 in
1055 1415 1318 1486 Christo
1375 1417 1560 1504 filiis
1619 1419 1696 1484 H
1693 1419 1918 1484 catrico
1942 1435 1975 1466 a
2030 1419 2301 1484 Decem>
2372 1425 2431 1484 et
2496 1419 2807 1506 Capitale
2832 1449 2853 1474 a
2872 1441 3053 1508 Henry
3082 1445 3143 1498 de

899 1521 1298 1602 Lineolniae,
1343 1521 1644 1602 salutem,
1689 1521 2007 1610 gratiam,
2056 1529 2115 1590 et
2158 1521 2703 1590 benedictionem.
2834 1507 3101 1564 Lexinton.

817 1707 1146 1796 Scriptum
1189 1713 1306 1788 est,
1355 1705 1412 1774 J
1405 1713 1644 1774 ustam
1685 1729 1832 1774 aon
1877 1705 2299 1774 coaztwistaba
2358 1705 2689 1794 quicquid
2744 1707 2811 1776 ei
2836 1715 2983 1770 Prov.
3006 1719 3097 1772 xii.

731 1811 1044 1878 acciderit
1065 1837 1094 1892 ;
1169 1811 1346 1896 quod
1419 1817 1640 1878 autem
1699 1811 1844 1898 quis
1903 1813 2169 1900 patitur,
2232 1833 2367 1878 non
2434 1811 2607 1896 quod
2670 1811 2811 1900 ipse
2834 1791 3117 1920 {113ng

729 1917 894 1998 facit,
955 1915 1166 1980 eidem
1223 1913 1508 1980 accidere
1583 1915 1836 1982 dicitur.
1944 1915 2079 1982 Vos
2152 1919 2373 1980 autem
2448 1915 2577 1980 viri
2640 1915 2809 2002 justi
2834 1925 2883 1998 tp
2900 1923 2985 1972 the
3002 1921 3109 1984 jus·

731 2021 922 2102 estis3
973 2019 1140 2084 nihil
1169 2041 1322 2106 ergo
1367 2019 1540 2106 quod
1571 2019 1756 2086 vobis
1785 2019 2021 2086 accidit
2060 2041 2179 2086 vos
2228 2019 2683 2102 contristabit3
2740 2025 2811 2086 et
2834 1989 3109 2108 ἓξὲῃοξιῖἒθ

729 2123 784 2190 si
827 2123 932 2210 qui
941 2145 1168 2208 equam
1211 2121 1400 2186 vobis
1447 2123 1738 2190 accidens
1781 2145 1898 2190 vos
1976 2121 2337 2202 contristat,
2400 2145 2619 2190 nonne
2682 2145 2817 2190 non
2840 2121 3049 2188 chapter
3070 2133 3121 2176 to

731 2227 882 2292 estis
929 2227 1148 2312 justi?
1191 2231 1260 2292 et
1305 2227 1362 2292 si
1421 2247 1560 2292 non
1611 2225 1796 2312 justi,
1835 2249 2053 2292 nonne
2088 2225 2369 2314 injusti?
2408 2227 2585 2312 quod
2622 2227 2817 2316 longe
2844 2199 3123 2310 ffiffipffiffi?

731 2331 898 2396 absit
941 2355 980 2396 a
1023 2331 1226 2396 vobis.
1315 2329 1474 2394 Non
1515 2331 1724 2418 igitur
1765 2331 2111 2418 quicquam
2162 2329 2351 2396 vobis
2390 2331 2703 2412 accidens,
2750 2335 2821 2396 et

731 2433 1006 2500 maxime
1049 2433 1194 2498 leve
1239 2433 1324 2498 ad
1355 2433 1798 2500 sufferendum
1829 2433 1977 2500 viro
2004 2433 2175 2514 forti,
2210 2439 2431 2500 tantos
2462 2433 2637 2500 viros
2670 2457 2817 2500 con-

729 2539 962 2606 tristet.
1055 2537 1220 2606 Haec
1271 2543 1496 2604 autem
1553 2539 1700 2604 ideo
1761 2537 2051 2618 dicimus,
2114 2537 2271 2624 quia
2330 2559 2413 2604 ex
2472 2539 2689 2604 verbis
2746 2545 2817 2604 et

731 2643 1018 2708 vultibus
1073 2643 1484 2730 quorundam
1533 2643 1616 2706 de
1655 2643 1858 2722 vobis,
1891 2643 2051 2706 satis
2104 2643 2441 2706 evidenter
2480 2643 2621 2706 heri
2670 2665 2815 2730 per-

731 2745 1084 2836 pendimUS,
1119 2747 1292 2834 quod
1325 2747 1624 2834 quaedam
1653 2745 1844 2814 vobis
1873 2745 2235 2812 accidentia
2262 2745 2493 2812 saltem
2524 2751 2811 2812 vestram

731 2851 1210 2918 sensualitatem
1241 2851 1746 2916 molestaverant
1779 2875 1794 2916 t
1847 2849 1961 2916 sed
1990 2849 2163 2916 absit
2194 2851 2367 2938 quod
2398 2849 2551 2916 talis
2580 2851 2811 2916 moles-

729 2955 890 3022 tatio
955 2961 1242 3022 vestram
1307 2955 1604 3042 tetigerit
1667 2955 2005 3034 rationem,
2072 2975 2155 3020 ne
2230 2953 2461 3040 injusti
2526 2977 2815 3042 compro-

727 3057 1006 3124 bemini:
1073 3059 1188 3126 sed.
1247 3065 1484 3126 vestrae
1541 3057 1814 3124 rationis
1867 3057 2057 3124 firma
2114 3057 2483 3124 constantia
2526 3063 2811 3124 vestram

731 3161 1210 3228 sensualitatem
1271 3167 1500 3228 eontra
1565 3183 1786 3228 omnes
1861 3161 2231 3228 corroboret
2304 3161 2807 3228 molestationes

731 3265 914 3332 Viros
959 3267 1134 3332 enim
1189 3267 1406 3344 forteS‚
1459 3271 1526 3330 et
1587 3265 1868 3330 domam
1909 3287 2057 3332 ‘non
2096 3287 2307 3352 super
2348 3287 2649 3348 arenam,
2694 3265 2811 3332 sed
2836 3277 3053 3356 S3OMatt.

727 3389 936 3454 supra
971 3375 1244 3456 petram
1271 3369 1674 3456 fundatam,
1717 3391 1838 3434 nec
1877 3369 2225 3434 fluminum
2252 3369 2809 3458 rapidissimorum
2832 3361 2919 3396 Ἧι·
2946 3351 3121 3396 24‘25·

727 3471 1060 3538 fortissimi
1133 3473 1436 3560 impetuS,
1511 3495 1628 3540 nec
1691 3477 2041 3538 ventorum
2104 3473 2495 3540 irruentium
2562 3473 2809 3540 violen-

727 3575 956 3640 tissimi
999 3575 1196 3642 flatus
1259 3579 1598 3642 concutere
1655 3583 1975 3666 possunt:
2034 3599 2361 3666 speramus
2424 3581 2643 3644 autem
2692 3599 2811 3642 vos

729 3685 794 3746 et
859 3681 1028 3746 viros
1093 3681 1310 3762 fortes,
1377 3685 1446 3746 et
1513 3679 1796 3748 domum
1839 3703 2043 3768 super
2080 3687 2351 3768 petram
2404 3681 2807 3768 fundatam.

731 3781 882 3848 Non
939 3783 1144 3870 igitur
1203 3783 1310 3848 Vel
1371 3783 1632 3870 signum
1691 3785 1955 3870 aliquod
2000 3785 2451 3850 commotionis
2500 3783 2571 3846 in
2622 3783 2811 3848 vobis

729 3889 1030 3974 appareat
1091 3891 1158 3954 et
1217 3885 1504 3952 maxime
1565 3887 1650 3952 ad.
1705 3889 1872 3954 lenis
1913 3911 2091 3954 aurae
2136 3887 2387 3966 flatum,
2432 3885 2541 3952 vel
2580 3885 2819 3952 leniter

729 3989 986 4058 fluentis
1061 4013 1250 4078 aquae
1323 3995 1598 4056 motum.
1697 3991 1876 4072 Quid
1942 3995 2165 4056 autem
2238 3995 2395 4056 sunt
2470 3989 2825 4056 stultorum

729 4095 932 4160 stulta
975 4101 1042 4160 et
1087 4117 1262 4158 vana
1303 4095 1524 4174 verba,
1571 4093 1704 4158 nisi
1743 4095 1912 4160 lenis
1958 4099 2163 4158 aura?
2210 4095 2389 4172 Quid
2430 4115 2587 4160 vero
2624 4117 2833 4182 parva

729 4203 794 4264 et
839 4197 1180 4286 portabilis
1225 4197 1488 4284 injuria,
1535 4197 1664 4262 nisi
1709 4197 1949 4264 leniter
1992 4197 2205 4262 fluens
2250 4203 2467 4284 aqua?
2508 4197 2837 4264 Praeterea

729 4303 830 4368 vir
881 4303 1106 4390 justus
1175 4301 1306 4368 Dei
1363 4299 1716 4368 veritatem
1775 4299 2057 4388 propriae
2114 4299 2383 4386 praefert
2442 4301 2779 4368 voluntati
2818 4325 2831 4366 ε

731 4427 842 4472 vos
899 4411 1142 4488 autem,
1211 4409 1292 4470 ut
1361 4403 1670 4484 diximuS,
1733 4405 1910 4470 viros
1970 4403 2183 4488 justos
2252 4425 2391 4470 esse
2460 4427 2833 4494 speramus:

729 4511 1072 4578 veritatem
1131 4509 1340 4596 igitur
1399 4507 1528 4572 Dei
1589 4513 1658 4574 et
1717 4531 1836 4596 per
1893 4529 2293 4594 consequens
2352 4507 2557 4596 ipsius
2604 4507 2841 4574 volun-

729 4617 950 4698 tatem,
1043 4613 1198 4700 quia
1287 4611 1362 4674 in
1451 4635 1570 4676 sua
1643 4611 1926 4676 veritate
2018 4611 2157 4696 ipse
2246 4611 2375 4676 sibi
2464 4613 2839 4698 complacet,

729 4721 1020 4788 alacriter
1097 4723 1166 4786 et
1229 4715 1390 4782 totis
1467 4715 1720 4782 viribus
1793 4713 2323 4802 prosequamini3
2400 4721 2479 4782 ut
2552 4737 2841 4806 compre„
