3875 5734
731 1763 814 1814 He
835 1763 914 1812 in-

731 1839 928 1882 stances
943 1831 1028 1884 his

733 1915 848 1950 own
869 1915 998 1950 (Base.
1041 1945 1044 1948 .

1055 851 1188 914 242
1701 867 1997 918 RoBERTI
2040 865 2501 918 enossnrns'rn

1055 1057 1212 1124 pore
1243 1059 1392 1102 cum
1411 1057 1488 1102 eo
1521 1033 1965 1122 dispensatum
1994 1057 2189 1122 super
2216 1035 2667 1122 pluralitatem
2688 1037 3137 1104 beneficiorum

1061 1139 1568 1206 obtinendomm
1607 1139 1995 1206 habentium
2052 1161 2379 1206 annexam
2448 1163 2673 1206 curam
2742 1141 3139 1224 animarum3

1061 1245 1456 1326 quapropter
1501 1243 1892 1308 verebamur
1966 1247 2031 1308 et
2076 1263 2379 1308 veremur
2420 1243 2805 1328 praedictam
2856 1243 3141 1330 praeben-

1063 1341 1214 1408 dam
1241 1343 1594 1410 habentem
1623 1367 1844 1410 curam
1873 1333 2241 1410 animarum
2282 1365 2631 1422 annexam,
2662 1345 2725 1410 ei
2754 1345 3137 1410 consimilem

1063 1467 1290 1510 curam
1331 1447 1608 1512 habenti
1651 1449 1934 1512 conferre
1964 1473 1983 1528 3
2046 1449 2201 1512 licet
2244 1449 2421 1512 enim
2466 1445 2755 1532 plurium
2796 1447 2883 1512 sit
2926 1447 3137 1532 opinio

1067 1547 1244 1632 quod
1287 1547 1532 1634 absque
1579 1537 2055 1634 dispensatione
2100 1537 2355 1634 possint
2420 1543 2617 1614 simul
2658 1539 2883 1614 haberi
2900 1545 2921 1584 ¹
2966 1549 3137 1614 licite

1063 1649 1416 1734 praebenda
1457 1673 1608 1716 cum
1675 1671 1828 1716 cura
1891 1651 2261 1714 animarum
2322 1671 2599 1728 annexa,
2648 1655 2717 1716 et
2766 1649 3137 1736 parochialis

1065 1751 1370 1834 ecclesia3
1431 1773 1556 1818 nos
1619 1753 1840 1818 tamen
1881 1751 2095 1816 adhuc
2136 1773 2331 1836 super
2380 1741 2505 1816 hoc
2550 1743 2945 1830 dubitamus,
2990 1751 3139 1838 quia

1065 1853 1394 1940 quondam
1453 1851 1550 1918 010
1615 1853 2025 1940 opinantium
2094 1843 2449 1918 assertione
2500 1841 2771 1934 inducti,
2816 1855 3139 1920 tenuimus

1061 1955 1442 2040 aliquandiu
1487 1945 1684 2020 simul
1727 1947 2099 2040 hujusmodi
2140 1943 2559 2042 praebendam
2606 1959 2675 2022 et
2718 1955 3135 2042 parochialem

1061 2057 1434 2138 ecelesiam3
1509 2057 1914 2124 remordente
1986 2061 2211 2122 autem
2272 2079 2391 2124 nos
2454 2063 2681 2124 nostra
2754 2059 3135 2124 conscientia

1063 2159 1500 2226 consuluimus
1545 2181 1738 2244 super
1777 2159 1900 2224 hoc
1968 2161 2307 2226 dominum
2352 2161 2603 2244 Papam
2654 2181 2771 2246 per
2816 2163 3131 2244 quendam

1061 2265 1282 2328 virum
1343 2263 1704 2350 sapientem
1769 2261 2115 2350 Deumque
2168 2263 2535 2342 timentem,
2604 2263 2723 2348 qui
2778 2283 2821 2326 a
2880 2263 3133 2328 domino

1063 2363 1244 2454 Papa
1301 2365 1584 2452 suscepit
1645 2363 1722 2430 in
1781 2385 2105 2452 responSO,
2152 2363 2305 2452 licet
2372 2365 2493 2430 hoe
2562 2385 2691 2430 non
2760 2369 2975 2452 posset
3024 2363 3133 2430 ob-

1059 2467 1272 2534 tinere
1331 2469 1402 2532 in
1463 2467 1678 2546 litera,
1725 2467 1898 2556 quod
1956 2489 2373 2554 nequaquam
2434 2467 2771 2554 potuimus
2832 2467 2965 2532 sine
3002 2469 3131 2532 dis-

1061 2571 1432 2656 pensatione
1461 2569 1880 2658 praebendam
1905 2569 2281 2654 hujusmodi
2310 2591 2461 2634 cum
2502 2569 2853 2656 parochiali
2880 2571 3135 2636 ecclesia

1061 2673 1258 2738 simul
1297 2673 1474 2740 licite
1519 2677 1756 2738 tenere.

731 2791 860 2844 Atto
885 2775 930 2844 'is
949 2801 1040 2846 not
1153 2775 1380 2842 Movet
1439 2797 1560 2842 nos
1625 2775 1888 2862 insuper
1954 2797 2091 2838 non
2142 2771 2475 2840 modicum
2540 2773 2897 2840 similitudo
2958 2795 3127 2862 quae-

731 2859 818 2910 the
839 2863 946 2912 best

731 2927 892 2976 suited
913 2935 968 2978 to

731 2999 784 3042 to
809 2995 1038 3048 Lincoln.

1061 2877 1216 2944 dam
1289 2901 1486 2964 quam
1561 2879 1754 2950 vobis,
1821 2877 2175 2962 aliquando
2246 2877 2747 2964 proposuimus3
2818 2877 3129 2956 videlicet,

1065 2979 1346 3046 duarum
1407 2981 1718 3048 arborum
1781 2979 2277 3058 fructiferarum,
2326 3001 2607 3065 quarum
2676 3001 2809 3046 una
2862 2979 2933 3042 in
2988 3001 3135 3044 con-

1063 3071 1358 3146 naturali·
1439 3083 1568 3150 sibi
1585 3081 1612 3120 2
1699 3081 1961 3168 regione
2050 3081 2261 3146 calida
2346 3081 2641 3146 fructum
2724 3081 2849 3146 fert
2934 3081 3131 3168 magis

1061 3183 1418 3272 pretiosum
1439 3185 1468 3222 ³
1497 3207 1514 3264 3
1575 3183 1874 3270 plantata
1917 3187 2139 3248 autem
2184 3183 2257 3246 in
2298 3183 2565 3270 regione
2608 3183 2861 3270 frigida,
2904 3203 3131 3268 parum

1061 3291 1182 3350 aut
1225 3285 1392 3348 nihil
1431 3291 1652 3372 potest
1715 3285 1959 3350 ibidem
2024 3283 2451 3350 fructificare:
2514 3283 2647 3348 alia
2712 3305 2859 3352 vero
2922 3285 3135 3348 minus

1063 3385 1284 3450 fructu
1355 3387 1656 3474 pretiosa,
1719 3387 2021 3474 plantata
2094 3387 2169 3450 in
2236 3387 2649 3452 connaturali
2714 3387 2839 3452 sibi
2878 3387 3135 3472 regione

1061 3487 1318 3576 frigida,
1363 3489 1600 3554 fertilis
1643 3495 1744 3556 est
1787 3489 1862 3554 in
1901 3489 2169 3554 ferendo
2214 3489 2505 3554 fructum
2550 3489 2897 3556 secundum
2940 3511 3135 3576 genus

1061 3615 1298 3672 suum3
1369 3615 1570 3680 quam
1631 3593 2055 3680 proculdubio
2114 3593 2371 3678 sapiens
2438 3593 2823 3658 hortulanus
2882 3593 3137 3678 regione

1059 3693 1318 3780 frigida,
1361 3693 1518 3762 licet
1583 3695 1802 3762 fructu
1863 3695 2181 3774 viliorem,
2230 3695 2637 3782 praeeligeret
2680 3697 2751 3762 in
2790 3695 2979 3760 horto
3024 3717 3137 3762 suo

1059 3795 1372 3884 plantare.
1463 3795 1630 3862 Haec
1695 3799 1920 3884 itaque
1982 3801 2277 3862 nostram
2342 3797 2799 3864 infirmitatem
2862 3795 3139 3862 reddunt

1061 3899 1382 3988 trepidam
1447 3899 1538 3966 ad
1601 3899 1971 3966 faciendum
2036 3899 2213 3984 quod
2256 3905 2477 3964 vestra
2518 3899 2823 3966 hortatur
2874 3903 3141 3984 rogatiO,

1061 4003 1216 4068 licet
1257 4003 1342 4066 ad
1385 4003 1456 4068 id
1501 4001 1872 4068 faciendum
1921 4003 2211 4068 multum
2270 4025 2389 4068 nos
2452 4003 2793 4088 impellant
2836 4005 2901 4066 et
2942 4001 3145 4090 ipsius

1061 4127 1192 4190 quo
1237 4111 1508 4192 rogatur
1573 4107 1894 4192 sapientia
1958 4109 2027 4170 et
2086 4105 2361 4186 bonitaS,
2412 4109 2481 4172 et
2542 4105 2931 4172 desiderium
2972 4105 3145 4192 quod

1061 4229 1182 4274 nos
1225 4209 1514 4294 gerimus
1559 4203 1646 4272 ad
1673 4213 1965 4274 vestram
1998 4209 2413 4288 voluntatem
2458 4209 2919 4294 complendam,
2952 4229 3145 4292 quam

1061 4309 1418 4398 spiritalem
1487 4309 1810 4376 credimus
1873 4327 2009 4374 esse
2080 4315 2149 4392 et
2214 4313 2525 4376 sanctam.
2616 4311 2709 4376 Et
2758 4311 2909 4398 quia
2950 4311 3147 4398 trepi-

1127 4597 1142 4626 ¹
1177 4593 1370 4662 haberi]
1417 4587 1558 4658 hei-e,
1601 4581 1782 4648 QUO.
1869 4597 2059 4646 Brow'n
2226 4593 2247 4622 ²
2276 4581 2397 4660 sihi]
2436 4593 2539 4656 ubi,
2566 4587 2745 4646 COD.
2992 4659 2995 4662 ⁴
3056 4659 3059 4662 ⁴

1061 4675 1204 4742 gives
1241 4675 1428 4740 lacerare,
1469 4677 1604 4728 from
1633 4691 1668 4728 a
1699 4675 1973 4728 correction
2004 4675 2059 4726 in
2224 4667 2247 4706 ’θ
2268 4675 2561 4742 pretiosum]
2582 4675 2823 4740 praedicto
2838 4661 2957 4738 sine,
2972 4659 3151 4728 UOD.

1057 4757 1148 4812 the
1169 4757 1352 4810 Cotton
1369 4757 1492 4812 MS·-
