3875 5734
791 1901 914 1956 Rev.
941 1905 1016 1956 iii.

795 1979 872 2034 16,
899 1979 980 2024 14.

795 2059 818 2100 1
839 2055 1004 2104 Macc-
1029 2055 1100 2106 iv.

791 2227 842 2280 S.
869 2227 1012 2306 blatt.

791 2313 900 2346 xxi.
935 2303 1010 2350 13.

785 2751 866 2804 No
887 2757 1044 2820 goods

785 2829 840 2872 to
863 2823 926 2872 be
949 2841 1038 2874 ex-

787 2893 944 2952 posed
965 2893 1044 2940 for

787 2957 890 3006 sale
911 2957 968 3006 in
989 2975 1070 3008 sa-

789 3027 906 3076 cred
921 3027 1100 3092 places

871 3915 1012 3966 1236.

787 4391 956 4468 Again
963 4401 1010 4444 st

781 4473 982 4510 various

1127 863 1214 934 72
1777 877 2071 926 RoBER‘rr
2114 873 2565 926 Gnossr'rsssm

1127 1057 1466 1124 Credimus
1529 1059 1748 1124 autem
1815 1057 1991 1146 quod
2056 1057 2355 1124 dominus
2406 1079 2529 1122 rex
2586 1057 2811 1124 eadem
2856 1059 3187 1126 devotione

1123 1167 1192 1230 et
1235 1159 1642 1248 benignitate
1687 1167 1951 1252 gratum
1992 1163 2279 1244 habebit,
2314 1163 2367 1230 si
2414 1161 2573 1230 alibi
2610 1165 2811 1230 etiam
2856 1163 3189 1230 secundum

1123 1269 1398 1334 formam
1463 1269 1790 1356 evangelii
1855 1275 2143 1336 ementes
2212 1275 2279 1336 et
2324 1267 2685 1334 vendentes
2730 1293 2769 1334 a
2814 1269 2967 1334 locis
3008 1269 3189 1334 sacris

1125 1377 1480 1440 arceantur.
1577 1375 1742 1442 Cum
1787 1375 1995 1464 igitur
2040 1375 2123 1440 ad
2154 1373 2515 1462 episcopale
2558 1375 2883 1462 pertineat
2928 1373 3191 1440 officium

1123 1479 1212 1548 ad
1271 1479 1712 1548 imitationem
1777 1481 2047 1548 Domini
2118 1479 2327 1546 nostri
2388 1479 2437 1548 J
2440 1503 2553 1548 esu
2618 1479 2865 1548 Christi
2936 1503 2977 1546 a
3046 1477 3189 1546 locis

1125 1585 1322 1652 sacris
1367 1593 1656 1656 ementes
1703 1593 1768 1654 et
1813 1587 2171 1654 vendentes
2220 1585 2423 1652 eicere
2482 1591 2553 1654 et
2614 1609 2871 1668 arcere3
2930 1607 3011 1650 ne
3060 1601 3185 1666 nos',

1127 1691 1242 1776 qui
1333 1697 1630 1760 tenemur
1717 1691 2081 1760 ferventius
2170 1691 2375 1758 zelare
2450 1713 2567 1780 pro
2652 1691 2841 1758 domo
2916 1689 3185 1772 Domini,

1125 1795 1536 1862 inveniamur
1579 1797 1650 1864 in
1693 1797 1814 1864 hac
1857 1803 2043 1884 parte
2094 1797 2445 1884 tepidiores
2506 1797 2819 1884 dignique
2866 1793 3069 1862 evomi
3112 1795 3187 1862 ab

1127 1923 1236 1968 ore
1279 1899 1450 1988 Ejus
1493 1901 1616 1990 qui
1661 1909 1748 1968 est
1793 1901 1979 1968 testis
2004 1901 2237 1990 fideii-s
2282 1907 2341 1968 et
2390 1923 2585 1968 verus
2648 1909 2707 1968 et
2764 1899 3189 1988 principium

1125 2013 1448 2070 creature&
1493 2005 1670 2088 Deest
1745 2011 1814 2072 et
1873 2029 1961 2100 ne
2016 2029 2135 2072 nos
2196 2007 2311 2094 qui
2374 2029 2523 2072 cum
2580 2007 2627 2074 J
2628 2007 2763 2072 uda
2830 2005 3187 2072 Machabaeo

1121 2115 1422 2176 tenemur
1511 2113 1772 2178 domum
1865 2111 2135 2178 Domini
2226 2111 2311 2178 ab
2400 2111 2579 2178 omni
2612 2109 2631 2148 ¹
2726 2109 3189 2176 abominatione

1121 2237 1414 2304 purgare,
1463 2213 1690 2284 domos
1753 2219 1822 2282 et
1883 2217 2025 2282 loca
2068 2215 2463 2284 orationum
2508 2215 2863 2304 facia-mus
2904 2239 3013 2304 per
3054 2237 3189 2282 con-

1121 2343 1380 2388 sensum
1433 2321 1830 2408 speluncam
1875 2319 2243 2400 latrommn,
2292 2323 2447 2408 quia
2490 2321 2663 2388 malo
2710 2321 3039 2400 consentit,
3084 2319 3189 2406 qui

1121 2447 1268 2490 cum
1313 2425 1516 2514 possit
1571 2427 1914 2514 prohibere
1982 2431 2051 2490 et
2110 2425 2427 2514 impedire
2478 2449 2611 2492 non
2658 2425 2973 2514 impedit3
3014 2425 3189 2490 vobis

1121 2529 1524 2608 mandamus
1573 2535 1898 2618 quatenus
1944 2529 2017 2594 in
2064 2529 2363 2596 omnibus
2424 2529 2833 2596 monasteriis
2894 2535 2959 2596 et
3014 2553 3189 2616 paro-

1123 2633 1444 2700 chialibus
1487 2633 1766 2702 ecclesiis
1815 2633 2375 2700 archidiaconatus
2422 2633 2641 2714 vestri,
2690 2633 2943 2700 faciatis
2984 2639 3187 2700 aucto-

1123 2739 1326 2804 ritate
1411 2743 1634 2804 nostra
1721 2739 2001 2804 firmiter
2084 2739 2365 2826 praecipi,
2444 2761 2527 2804 ne
2602 2739 2749 2826 quis
2822 2739 2901 2806 de
2974 2743 3189 2806 caetero

1125 2847 1480 2928 praesumat
1539 2841 1614 2906 in
1679 2843 1912 2910 salutis
1980 2865 2113 2910 suae
2182 2841 2597 2930 dispendium
2666 2847 2891 2910 contra
2934 2843 3189 2908 formam

1127 2943 1516 3034 evangelicae
1591 2947 1904 3014 doctrines
1994 2949 2065 3012 in
2140 2945 2295 3012 locis
2368 2949 2565 3012 sacris
2640 2967 2877 3012 merces
2946 2947 3189 3012 venales

1127 3071 1448 3138 exponere
1501 3048 1610 3116 vel
1669 3051 2145 3138 negotiationes
2220 3061 2529 3118 exercere.
2640 3051 3061 3120 Providentes
3118 3057 3191 3120 ut

1125 3149 1246 3222 hoc
1289 3153 1692 3238 mandatum,
1739 3177 1886 3222 cum
1931 3177 2067 3222 non
2112 3153 2201 3222 sit
2252 3179 2337 3222 ex
2398 3155 2663 3222 homine
2730 3157 2843 3222 sed.
2886 3157 3193 3246 evangeli-

1121 3281 1286 3340 cum,
1359 3257 1708 3346 diligenter
1769 3261 2173 3342 observetur,
2236 3261 2775 3328 contradictores*
2808 3267 2875 3328 et
2940 3261 3191 3326 rebelles

1119 3385 1238 3450 per
1265 3383 1602 3430 censuram
1633 3363 2127 3432 ecclesiasticam
2158 3365 2637 3454 compescendo.
2716 3365 3001 3432 Valeatis
3014 3363 3053 3444 2,
3084 3369 3189 3432 etc.

2054 3703 2277 3774 XXII.

1123 3895 1452 3966 liebertus
1493 3897 1626 3964 Dei
1663 3897 1900 3984 qratia
1946 3897 2461 3966 Limolniensis
2502 3897 2899 3986 Episcopus,
2950 3895 3193 3966 dilectis

1299 4005 1388 4072 ’ὶπ
1459 4003 1724 4072 Christo
1781 4003 1987 4092 filiole,
2066 4005 2411 4072 universis
2484 4005 3015 4072 Arehidiaconis
3076 4025 3195 4092 per

1299 4109 1758 4200 episcopatum
1801 4111 2193 4178 Lincolwioe
2244 4109 2647 4192 constitutis
2704 4111 2997 4192 salutem,
3048 4131 3191 4198 gyra-

1301 4215 1492 4298 tiam,
1539 4223 1598 4284 et
1641 4215 2181 4284 benedictionem.

1211 4389 1382 4468 Quia
1425 4387 1510 4454 ad
1553 4389 1832 4476 pastoris
1877 4395 2129 4478 spectat
2174 4389 2459 4458 officium
2488 4391 2591 4456 his
2634 4391 2751 4478 qui
2794 4391 3091 4478 ignorant
3130 4395 3195 4456 et

779 4525 956 4580 abuses
979 4527 1034 4582 in
1121 4497 1346 4560 errant
1389 4491 1744 4574 condolere,
1775 4499 1846 4560 et
1873 4515 2139 4584 gregem
2182 4493 2311 4560 sibi
2348 4495 2757 4562 commissum
2796 4493 3193 4584 perviyilare

1305 4701 1426 4706 .-..--.
1433 4701 1814 4710 ..*..*„,ffi„.„‚..„-......—
1819 4701 2041 4710 --.—..—.-.-.-...
2048 4701 2585 4710 ..ff-*fiffl-ss—ffl—-n-
2590 4701 3185 4708 ffl———q—-m—-u—-u——u——u—

1183 4835 1198 4866 ¹
1235 4829 1414 4886 C.C.C.
1437 4835 1536 4884 and
1559 4833 1658 4888 Ox.
1679 4833 1838 4888 insert
1859 4843 1918 4888 et.
2160 4833 2171 4902 Ι
2262 4837 2283 4866 ’-’
2332 4809 2571 4900 Ῑῖαῖεαίίε]
2610 4833 2807 4896 Valetc,
2832 4833 2937 4884 sid.
