3875 5734
703 981 786 1032 Ps.
811 983 952 1036 lxxv.

711 1053 786 1098 13.

707 1119 890 1236 {zeon
911 1121 986 1174 iii.

711 2333 828 2384 Isai.
843 2333 1018 2386 lviii.6.

711 2415 794 2466 He
809 2415 910 2466 had
929 2415 1006 2466 in—

713 2485 896 2532 tended
911 2495 962 2534 to

707 2551 890 2616 resign‚
911 2553 1004 2604 but

711 2619 802 2668 has
827 2619 952 2670 been

711 2689 982 2750 prevented

709 2757 780 2820 by
801 2757 1022 2820 superior

711 2823 974 2892 authority.

719 2913 738 2956 l
763 2907 878 2960 Cor.
897 2927 944 2962 v.
971 2917 1018 2960 3.

713 3261 760 3310 S.
781 3259 922 3310 Luke
931 3259 1022 3310 xii.

709 3333 792 3378 40.

713 3677 910 3796 ῗὸΤῑιεὲε.
933 3677 1002 3726 iv.

707 4105 824 4156 lsai.
851 4123 976 4158 xxx.

709 4177 788 4224 27.

1043 777 1172 838 440
1681 787 1969 834 Rosnn'rr
2016 787 2467 836 Gnossnrnsrn

1045 969 1264 1036 ciavari
1307 967 1550 1032 malum
1595 967 1770 1052 quod
1823 967 2083 1046 viderit,
2132 963 2207 1032 cle
2252 987 2473 1032 manu
2514 973 2653 1054 ejus
2710 967 3123 1054 sanquinem·

1043 1073 1266 1162 populi
1327 1071 1826 1160 requirendum.
1917 1073 2059 1140 Nos
2124 1073 2343 1160 itaque
2406 1071 2569 1136 tacti
2632 1071 2849 1138 dolore
2910 1073 3115 1138 cordis

1043 1179 1448 1258 intrinsecus,
1497 1181 1564 1242 et
1621 1199 1826 1266 usque
1889 1179 1977 1244 ad
2036 1179 2209 1266 ipsas
2272 1177 2535 1266 spiritus
2600 1177 2913 1242 medullas
2980 1201 3117 1242 cru-

1041 1283 1214 1364 ciati,
1259 1287 1398 1348 tam
1453 1281 1844 1370 multiplicia
1901 1283 2087 1362 mala,
2136 1289 2275 1348 tam
2318 1281 2561 1370 gravia,
2608 1285 2749 1346 tam
2792 1281 3117 1362 deformia,

1041 1393 1178 1452 tam
1219 1387 1414 1468 foeda,
1459 1391 1598 1452 tam
1643 1387 1985 1474 flagitiosa,
2018 1393 2157 1452 tam
2198 1387 2571 1464 facinorosa,
2618 1389 2759 1452 tam
2802 1385 3123 1464 scelerata,

1041 1497 1180 1556 tam
1223 1491 1554 1578 sacrilega,
1583 1489 1826 1578 populo
1859 1491 2105 1556 Christi
2148 1511 2373 1554 eruore
2416 1489 2755 1574 redempto
2798 1491 3123 1554 universa-

1041 1595 1192 1662 liter
1253 1597 1464 1662 inesse
1509 1597 1578 1660 et
1645 1593 1963 1662 inhaerere
2028 1617 2111 1660 ex
2176 1595 2475 1682 neglectu
2518 1599 2861 1674 rectorum,
2910 1617 2991 1660 ex
3032 1595 3129 1660 in-

1043 1701 1222 1764 curia
1265 1705 1620 1788 pastorum,
1669 1703 1754 1778 et,
1803 1701 1975 1784 quod
2018 1699 2147 1764 heu
2190 1699 2481 1764 flendum
2526 1703 2629 1764 est
2670 1699 2895 1786 potius
2938 1721 3129 1784 quam

1045 1801 1470 1880 scribendum,
1549 1821 1634 1866 ex
1705 1802 2001 1888 exemplo
2074 1803 2351 1890 pessimo
2416 1807 2483 1868 et
2556 1803 2837 1890 pernicie
2910 1803 3135 1868 rabida

1045 1907 1288 1992 passim
1319 1913 1384 1972 et
1429 1901 1844 1992 impudenter
1885 1905 2131 1992 ubique
2176 1911 2493 1992 serpente,
2526 1905 2849 1972 cernimus
2882 1905 3137 1972 eviden-

1045 2015 1162 2088 ter,
1211 2009 1384 2094 quod
1433 2007 1698 2096 penitus
1743 2031 1826 2074 ex
1895 2009 2339 2096 desperatione
2406 2009 2839 2088 dissolvimur,
2886 2015 2955 2074 et
3014 2031 3139 2096 qua

1045 2115 1230 2198 parte
1307 2111 1688 2178 ordiendum
1765 2117 1864 2178 est
1937 2113 2027 2178 ad
2112 2113 2345 2178 horum
2420 2115 2799 2192 remedium,
2878 2115 3137 2202 penitus

1043 2217 1432 2304 ignoramus,
1525 2215 1714 2280 Esset
1789 2217 1977 2282 nobis
2044 2217 2275 2304 utique
2358 2219 2445 2284 ad
2514 2217 2913 2306 surgendum
2978 2219 3135 2282 viri-

1045 2319 1194 2384 liter
1235 2319 1324 2384 ad
1385 2319 1882 2406 irrumpendum
1950 2343 2097 2386 oum
2166 2321 2417 2388 virtute
2484 2325 2555 2388 et
2624 2319 3135 2388 dissolvendum,

1047 2421 1358 2508 quatinus
1423 2423 1498 2490 id
1577 2423 1788 2490 faeere
1847 2445 2195 2510 possemne,
2268 2421 2727 2510 collimati-ones
2798 2421 3135 2510 ‘iniquita-

1043 2533 1192 2592 twm
1213 2553 1242 2608 ,·
1307 2527 1424 2594 sed
1487 2529 1848 2592 intervenit
1895 2529 2267 2608 auotoritaS‚
2316 2529 2421 2592 eui
2472 2549 2609 2592 non
2674 2549 2899 2616 parere
2958 2529 3137 2592 nefas

1047 2637 1360 2712 censetur,
1421 2653 1568 2718 quae
1637 2655 1754 2698 nos
1817 2631 1904 2696 ad
1968 2635 2227 2718 tempus
2298 2631 2631 2698 subtrahit
2678 2637 2917 2698 vestrae
2976 2653 3137 2718 prae-

1047 2735 1292 2814 sentiae,
1339 2739 1408 2802 et
1451 2759 1492 2802 a
1553 2739 1862 2824 concepto
1931 2733 2175 2800 salubri
2244 2733 2577 2822 proposito
2640 2757 2759 2800 nos
2832 2735 3135 2800 retardat.

1047 2839 1324 2904 Interim
1367 2845 1592 2906 autem
1637 2841 1790 2904 licet
1833 2839 2125 2904 absentes
2168 2861 2457 2926 corpore,
2498 2843 2857 2924 pressantes
2914 2845 3139 2904 tamen

1047 2941 1324 3028 spiritu,
1373 2943 1616 3032 scripto
1661 2943 1914 3030 agimus
1960 2942 2137 3028 quod
2188 2943 2391 3008 verbo
2454 2965 2591 3008 non
2658 2943 2823 3006 lieet.
2914 2943 3137 3006 Mone-

1045 3069 1190 3110 mus
1237 3069 1368 3126 vos,
1415 3051 1494 3112 ut
1557 3047 1870 3132 seriptum
1923 3045 2045 3112 1100
2110 3049 2425 3124 nostrum,
2470 3051 2789 3132 tanquam
2864 3045 3135 3110 verbum

1053 3149 1272 3234 Ipsius
1317 3151 1604 3228 Domini,
1653 3151 1963 3216 timorate
2010 3153 2077 3214 et
2122 3149 2463 3216 humiliter
2508 3149 2825 3238 suscipere
2886 3149 3135 3216 curetis

1049 3251 1230 3334 Eece,
1277 3255 1604 3334 carissimi,
1655 3275 1814 3330 6006,
1861 3253 1969 3318 die
2016 3275 2145 3338 qua
2186 3273 2323 3318 non
2370 3255 2649 3334 creditis,
2694 3257 2763 3318 et
2806 3251 2973 3318 hora
3008 3275 3139 3338 quw

1047 3379 1192 3424 non
1265 3357 1566 3444 speratis
1611 3357 1826 3424 'venit
1889 3357 2071 3424 Deus
2134 3363 2373 3438 noster,
2444 3363 2513 3424 et
2598 3357 2783 3422 videt
2856 3361 3135 3422 aeternus

1049 3459 1370 3526 Dominus
1437 3461 1550 3546 qui
1625 3459 1934 3526 fundavit
2010 3461 2327 3528 terminos
2394 3459 2569 3526 orbis
2636 3465 2841 3528 terrae.
2960 3459 3137 3538 Eece,

1045 3565 1336 3650 inquam,
1381 3563 1570 3630 venit
1639 3563 1846 3630 citans
1911 3587 2031 3630 nos
2094 3585 2319 3630 omnes
2382 3569 2451 3630 et
2518 3565 2805 3652 singulos
2850 3565 2937 3630 in
2994 3587 3137 3630 voce

1045 3667 1466 3754 Aa-vcharnyezi
1509 3675 1568 3734 et
1631 3667 1792 3732 tuba
1835 3669 2191 3734 novissima
2258 3669 2343 3734 ad
2408 3669 2709 3756 generale
2776 3669 3135 3750 concilium,

1047 3771 1130 3838 ad
1167 3771 1492 3858 judicium
1539 3771 1860 3840 universae
1931 3773 2157 3852 earniS,
2206 3771 2659 3840 visitationem
2724 3773 3019 3840 facturus
3066 3775 3139 3840 in

1043 3877 1262 3962 gladio
1331 3897 1466 3954 suo,
1511 3875 1696 3958 duro,
1747 3899 1977 3962 quem.
2008 3899 2197 3942 nemo
2268 3877 2603 3954 sustinere,
2652 3877 2903 3964 grandi,
2950 3899 3139 3964 quem

1045 3981 1266 4046 nullus
1313 3981 1616 4068 effugere,
1665 4003 1736 4044 ae
1781 3981 1957 4060 forti,
1992 3981 2097 4046 0111
2142 3981 2487 4066 quisquam
2532 3981 2845 4062 resistere,
2878 3981 3141 4046 minime

1047 4083 1448 4170 praevalebit.
1513 4083 1736 4150 Labi-a
1779 4083 2105 4150 venientis
2152 4083 2425 4148 Domini
2470 4089 2539 4150 et
2582 4083 2821 4150 summi
2850 4083 3141 4152 Pastoris

1049 4193 1114 4254 et
1161 4187 1464 4276 Episcopi
1511 4187 1720 4252 nostri
1765 4185 2253 4272 indiynatione
2298 4193 2463 4254 sunt
2498 4185 2729 4272 plena,
2778 4195 2839 4254 et
2902 4187 3145 4274 linqua

1047 4293 1178 4356 oris
1223 4291 1364 4376 eju-s·
1427 4289 1626 4378 quasi
1689 4287 1880 4376 ignis
1931 4291 2279 4356 devoram.
2372 4289 2577 4378 Cujus
2640 4293 2695 4356 si
2738 4293 2859 4356 vix
2904 4293 3143 4358 stillam

1045 4417 1316 4480 parvam
1389 4393 1704 4458 sermonis
1763 4393 2181 4472 audierimus,
2256 4395 2403 4478 quis
2460 4395 2709 4480 poterit
2776 4395 3143 4460 tonitruum

1043 4495 1182 4580 ejus
1225 4497 1702 4584 magnitudinis
1747 4497 2039 4560 intueri?
2156 4497 2321 4578 Quis
2392 4497 2595 4562 stabit
2658 4497 2745 4562 ad
2790 4497 3145 4564 videndum

1043 4599 1216 4664 Eum
1277 4623 1424 4666 oum
1481 4599 1951 4666 revelabuntur
1998 4599 2415 4666 tenebrarum
2478 4623 2689 4690 opera,
2746 4625 2895 4668 eum
2938 4603 3145 4666 diseu-

1045 4703 1250 4768 tietur
1291 4703 1712 4790 negligentiae
1757 4709 1999 4788 torpor,
2048 4725 2195 4766 eum
2242 4707 2603 4788 arguentur
2676 4701 2971 4770 illusores
3034 4701 3147 4788 qui
