3875 5734
1601 815 1961 866 EPISTOLAE.
2690 807 2817 870 145

745 991 1024 1058 caritatis
1067 993 1278 1072 ardor,
1349 1015 1388 1058 a
1449 993 1726 1060 dicenda
1769 993 2067 1062 veritate.
2160 993 2307 1060 Scio
2374 999 2441 1062 et
2502 997 2823 1062 veraciter

745 1097 880 1176 scic,
945 1097 1194 1164 domini
1241 1097 1432 1186 Papae
1499 1105 1566 1164 et
1629 1105 1872 1164 sanctae
1933 1101 2247 1164 Romanae
2310 1101 2585 1166 ecclesiae
2652 1101 2821 1166 hanc

743 1225 870 1266 esse
911 1207 1316 1290 potestatem,
1373 1207 1452 1268 ut
1511 1203 1596 1268 de
1655 1203 1959 1268 omnibus
2004 1203 2333 1268 beneficiis
2378 1203 2819 1270 ecclesiasticis

741 1305 930 1372 libere
1001 1305 1208 1394 possit
1281 1307 1596 1372 ordinare.
1717 1307 1866 1374 Scio
1940 1329 2197 1392 quoque
2274 1307 2447 1392 quod
2520 1307 2817 1394 quisquis

743 1411 1028 1476 abutitur
1087 1411 1208 1476 hac
1275 1413 1616 1498 potestate,
1687 1409 1975 1476 aedificat
2040 1411 2127 1476 ad
2184 1409 2407 1496 ignem
2468 1409 2817 1498 gehennae3

743 1515 864 1582 scio
925 1515 1120 1580 etiam
1183 1515 1358 1602 quod
1427 1515 1546 1580 hac
1611 1519 1941 1602 potestate
2004 1513 2323 1596 abutitur,
2374 1515 2665 1602 quisquis
2732 1513 2817 1578 ad

741 1619 884 1686 fidei
941 1623 1010 1686 et
1067 1619 1358 1686 caritatis
1399 1619 1880 1706 promotionem
1940 1641 2019 1684 ea
2076 1641 2211 1684 non
2256 1617 2499 1698 utitur3
2544 1617 2673 1682 scio
2718 1619 2817 1682 in·
2842 1629 3051 1680 Interfe-

743 1747 924 1812 super
1009 1721 1184 1810 quod
1271 1745 1418 1788 cum
1509 1723 1824 1788 beneficia
1911 1723 2337 1790 ecclesiastica
2424 1723 2817 1788 auctoritate

2842 1713 2985 1748 rence
3006 1697 3127 1748 with

2840 1767 2923 1816 the
2938 1767 3077 1830 right
3092 1767 3153 1818 of

741 1827 1126 1914 potestativa
1213 1815 1654 1906 conferuntur,
1733 1849 1868 1892 non
1940 1827 2257 1914 requisito
2328 1827 2511 1912 prius
2596 1833 2813 1914 patro·
2838 1841 3035 1898 patrous
3048 1849 3143 1884 ean

741 1953 960 1996 norum
1007 1953 1286 2010 assensn,
1315 1929 1598 1996 maxime
1645 1931 1904 2016 quando
1948 1929 2031 1996 de
2072 1929 2247 1996 facili
2290 1935 2507 2016 posset
2548 1929 2811 2016 requiri,

743 2035 1022 2100 omnium
1087 2033 1422 2100 teterrima
1485 2033 1636 2100 odia
1699 2035 1772 2100 in
1837 2057 1904 2100 se
1974 2039 2327 2122 provocant
2394 2033 2811 2112 conferentes,

741 2143 1160 2224 praeterquam
1237 2159 1474 2214 eorum,
1553 2137 1790 2224 quibus
1877 2137 2037 2202 talia
2110 2139 2471 2220 conferunt,
2552 2143 2623 2202 et
2696 2135 2811 2224 qui

741 2245 1034 2328 patronos
1079 2241 1536 2306 beneficiorum
1583 2241 1674 2306 sic
1717 2241 2099 2308 collatorum
2146 2241 2391 2308 odiunt.
2484 2241 2607 2306 Est
2636 2241 2811 2306 enim

739 2345 850 2410 hoe
891 2343 1178 2430 patronis
1223 2343 1592 2410 verecunda
1633 2343 1938 2424 confusiO,
1988 2343 2173 2410 dolor
2220 2367 2433 2412 eorum
2484 2345 2597 2430 qui
2640 2345 2813 2430 ipsos

743 2447 1046 2536 diligunt3
1137 2451 1202 2514 et
1277 2449 1392 2534 qui
1469 2469 1574 2514 eos
1649 2449 1900 2526 odiunt,
1980 2449 2285 2534 gaudent,
2364 2447 2679 2528 derident,
2744 2453 2811 2514 et

743 2553 1160 2638 exprobrant3
1205 2555 1274 2616 et
1319 2553 1408 2616 sic
1451 2553 1630 2616 cedit
1673 2551 1977 2616 omnibus
2020 2553 2093 2616 in
2136 2551 2525 2616 scandalum.
2620 2549 2811 2632 Quod

743 2677 926 2740 quam
997 2677 1196 2742 grave
1271 2655 1374 2736 sit,
1451 2677 1586 2720 non
1661 2675 1820 2740 opus
1895 2659 1997 2718 est
2068 2655 2565 2718 admonendum.
2656 2653 2813 2718 Non

743 2757 932 2844 igitur
993 2779 1108 2844 per
1173 2757 1342 2824 hanc
1409 2757 1586 2822 viam
1655 2757 2023 2824 aedificatur
2080 2757 2359 2838 ecclesia,
2430 2757 2541 2822 sed
2604 2757 2813 2844 magis

743 2861 1120 2942 destruitur3
1211 2883 1344 2928 non
1431 2867 1902 2948 promoventur
1990 2859 2151 2926 fides
2226 2865 2295 2928 et
2372 2863 2625 2940 caritas
2700 2859 2815 2926 sed

743 2965 1148 3050 repelluntur,
1197 2975 1266 3030 et
1307 2969 1534 3030 contra
1585 2965 1973 3030 mandatum
2018 2963 2325 3050 principis
2358 2963 2813 3050 Apostolorum

2838 1903 2959 1968 only
2982 1917 3127 1952 cause

2838 1969 3053 2022 scandat

743 3069 896 3132 item
935 3069 1280 3148 monentis,
1325 3075 1404 3134 ut
1445 3069 1708 3154 praelati
1755 3069 1892 3132 sint
1937 3087 2085 3132 ‘non
2130 3073 2211 3132 ut
2256 3067 2687 3132 dominantes
2730 3067 2815 3132 in
2844 3081 2869 3126 1
2892 3077 2997 3126 Pet.
3018 3093 3069 3126 v.
3094 3081 3143 3126 3.

743 3171 914 3252 clerc,
959 3171 1076 3244 seul
1131 3171 1376 3258 formos
1423 3171 1606 3258 facti
1651 3171 1838 3258 9⁹“69‘23
1891 3193 1971 3238 ex
2028 3171 2281 3236 anima
2372 3169 2527 3236 Non
2586 3171 2815 3236 debuit

743 3273 952 3360 igitur,
1021 3277 1076 3340 si
1139 3275 1358 3360 placet,
1407 3279 1648 3342 vestrae
1715 3273 2089 3340 sanctitatis
2136 3273 2483 3360 prudentia
2546 3273 2685 3340 haec
2750 3279 2817 3342 et

743 3379 1104 3466 hujusmodi
1145 3381 1508 3458 attendens,
1541 3379 1820 3444 ecclesiae
1865 3401 2029 3444 meae
2066 3379 2485 3464 praebendam
2526 3379 2667 3446 sine
2712 3403 2817 3444 me

745 3483 1130 3562 conferend0‚
1199 3503 1412 3546 meam
1473 3483 1870 3568 parvitatem
1944 3481 2133 3546 vobis
2196 3483 2683 3548 devotissimam
2746 3489 2813 3548 et

747 3585 1322 3652 obedientissimam
1395 3585 1778 3666 confudisse,
1855 3585 2219 3674 praesertim
2294 3609 2441 3652 cum
2514 3591 2811 3674 paratam

745 3711 980 3774 semper
1067 3689 1406 3754 habuerim
1481 3693 1548 3754 et
1623 3689 1898 3754 habeam
1974 3689 2397 3770 voluntatem,
2474 3691 2547 3756 in
2620 3695 2811 3756 tanto

747 3799 1050 3878 quantum
1093 3793 1274 3858 valet
1317 3793 1430 3858 1113
1473 3793 1826 3882 praebenda
1883 3797 1953 3858 et
2012 3793 2209 3860 etiam
2270 3795 2341 3858 in
2386 3791 2571 3880 pluri,
2620 3793 2811 3860 alicui

747 3897 818 3960 de
887 3895 1136 3976 vestriS,
1187 3917 1322 3960 non
1397 3903 1654 3962 coactus
1727 3897 1812 3960 ad
1887 3919 2097 3960 meam
2172 3901 2241 3962 et
2306 3897 2587 3962 ecclesiae
2646 3897 2811 3960 mihi

747 3997 1082 4064 commissae
1157 3999 1610 4078 confusionem,
1689 3999 1802 4064 sed
1891 4005 2285 4086 spontaneus
2358 3999 2439 4064 ad
2516 3999 2811 4064 caritatis

747 4101 1244 4182 aedificationem,
1315 4101 1676 4168 liberaliter
1727 4101 2099 4188 providere3
2172 4099 2325 4166 licet
2390 4107 2537 4188 post
2598 4125 2809 4168 meam

747 4205 1274 4272 consecrationem
1361 4205 1432 4270 in
1525 4207 1912 4294 episcopum,
2012 4227 2211 4292 nepos
2302 4205 2547 4270 domini
2616 4207 2811 4294 Papae

745 4313 1064 4392 promotus
1091 4309 1180 4374 sit
1207 4309 1282 4374 in
1311 4331 1510 4374 unam
1541 4311 1622 4374 de
1653 4311 1916 4398 optimis
1942 4309 2307 4396 praebendis
2340 4309 2811 4374 Lincolniensis

747 4413 1022 4476 ecclesiae.
1111 4411 1220 4476 Ad
1265 4413 1454 4500 pedes
1501 4413 1706 4500 igitur
1733 4419 1971 4478 vestrae
2016 4413 2385 4478 sanctitatis
2426 4413 2811 4500 provolutus

743 4515 1004 4602 supplex
1045 4535 1218 4602 roge,
1287 4521 1366 4582 ut
1429 4521 1652 4582 vestra
1711 4515 2085 4602 benignitas
2154 4539 2335 4582 suam
2402 4515 2595 4582 djotae
2646 4541 2811 4606 prae-

743 4617 960 4686 bendae
1003 4617 1416 4686 collationem
1455 4625 1736 4700 revocet,
1805 4643 1890 4686 ne
1950 4625 2269 4708 tanquam
2332 4621 2811 4708 abjectissimus

745 4725 1022 4792 omnium
1087 4745 1130 4790 a
1193 4729 1410 4790 vestra
1453 4723 1802 4792 dilectione
1841 4721 2071 4790 faciem
2130 4747 2339 4790 meam
2384 4725 2469 4790 ad
2514 4749 2649 4806 VOS,
2694 4727 2815 4788 aut

2498 4845 2547 4892 Κ
