3875 5734
1665 825 2017 876 EPISTOLAE.
2808 813 2889 878 43

819 1001 1028 1066 autem
1103 997 1436 1088 sapientia,
1501 999 1672 1068 sicut
1735 999 1834 1066 ait
1895 999 2223 1082 Salomon,
2294 1001 2471 1070 velut
2534 1001 2895 1070 thesaurus
2916 1013 3065 1066 Prov.
3098 1013 3153 1064 ii.
3176 1017 3219 1064 4.

821 1101 1184 1194 effodienda
1241 1113 1348 1174 est.
1469 1105 1656 1174 Sicut
1681 1103 1700 1142 ¹
1781 1105 1957 1172 enim
2030 1107 2127 1174 ait
2190 1107 2423 1174 beatus
2492 1107 2887 1196 Gregorius:
2922 1107 2969 1158 S·
2996 1107 3149 1170 Greg.

821 1221 854 1248 “
899 1211 1056 1278 Haec
1101 1209 1418 1298 sapientia
1461 1211 1532 1276 in
1577 1233 1796 1276 rerum
1837 1211 2175 1300 superficie
2220 1233 2355 1276 non
2390 1211 2585 1298 jacet,
2618 1213 2777 1300 quia
2820 1211 2891 1276 in
2916 1175 3107 1292 ἓξὲξ,
3118 1175 3197 1290 {1

821 1325 852 1356 ‘⁸
893 1317 1330 1386 invisibilibus
1359 1317 1542 1386 latet.
1637 1317 1728 1384 Et
1771 1317 1943 1384 hanc
1962 1317 1985 1352 2
2016 1317 2407 1404 sapientiam
2438 1319 2893 1406 contingentes
2918 1315 2997 1368 21,
3022 1325 3069 1374 P·
3096 1315 3201 1362 142.

819 1431 854 1462 ‘·'
893 1425 1446 1512 apprehendimus,
1481 1423 1538 1490 si
1569 1423 1812 1490 relictis
1857 1423 2247 1502 visibilibus,
2282 1421 2729 1488 invisibilibus
2778 1423 2889 1488 ab·

817 1537 848 1566 “
889 1527 1306 1612 scondamur3
1379 1529 1438 1596 si
1497 1527 1682 1608 hanc,
1735 1549 1844 1594 cor
1895 1527 2297 1608 effodienteS,
2358 1549 2725 1614 quaeramus
2814 1531 2893 1592 ut

809 1643 844 1672 “
885 1657 1070 1702 omne
1117 1635 1292 1722 quod
1337 1639 1676 1700 terrenum
1705 1655 1890 1700 mens
1931 1633 2199 1722 cogitat,
2232 1655 2277 1698 a
2306 1631 2655 1720 semetipsa
2688 1653 2891 1698 manu

805 1747 842 1776 “
881 1743 1120 1806 sanctae
1185 1739 1592 1806 discretionis
1637 1737 1844 1818 eiciat,
1919 1743 1987 1804 et
2050 1737 2433 1804 thesaurum
2478 1737 2593 1824 qui
2638 1735 2893 1800 latebat

801 1853 836 1882 ‘⁶
877 1849 1196 1932 agnoscat.
1287 1843 1506 1910 Facile
1537 1843 1712 1908 enim
1757 1845 1832 1908 in
1877 1867 1947 1910 se
1976 1843 2361 1910 thesaurum
2402 1841 2745 1930 sapientie-e
2790 1841 2891 1906 in-

799 1959 834 1986 “
875 1949 1070 2032 venit,
1119 1947 1178 2014 si
1219 1971 1364 2014 eam
1409 1971 1556 2036 quae
1601 1971 1672 2014 se
1717 1947 1886 2016 male
1933 1951 2279 2034 presserat,
2326 1947 2565 2012 molem
2610 1951 2891 2014 terrenae

797 2063 830 2090 “
871 2053 1280 2142 cogitationis
1325 2075 1366 2118 a
1409 2075 1478 2118 se
1523 2051 1840 2142 repellit.’'
1933 2053 2043 2118 Ex
2088 2053 2193 2118 his
2236 2053 2457 2120 verbis
2500 2051 2845 2118 beatorum
2864 2049 2891 2088 ³³

799 2157 1084 2246 Gregorii
1127 2161 1196 2222 et
1241 2155 1624 2244 Augustini,
1675 2157 1926 2244 liquido
1986 2161 2215 2244 patere
2276 2161 2511 2244 potest,
2562 2163 2889 2244 quantum

789 2263 1110 2350 justorum
1155 2259 1478 2348 sapientia
1541 2261 1634 2328 sit
1693 2261 2085 2348 appetenda,
2148 2265 2219 2328 et
2280 2261 2515 2326 mundi
2562 2261 2891 2350 sapientia

797 2365 1136 2454 fugienda3
1205 2387 1402 2454 quam
1455 2387 1610 2434 vere
1681 2365 2043 2432 laudabilis
2110 2371 2229 2448 est,
2296 2389 2493 2454 quem
2556 2367 2685 2434 ista
2742 2391 2889 2458 per-

681 2495 698 2502 ·
797 2475 996 2550 ornat,
1073 2475 1140 2534 et
1229 2493 1426 2556 quam
1515 2469 1977 2558 vituperabilis
2070 2491 2267 2556 quem
2354 2471 2471 2538 illa
2546 2471 2885 2540 deformat.

799 2573 896 2640 De
979 2571 1214 2660 quibus
1305 2571 1604 2660 utrisque
1699 2573 1894 2660 plura.
1984 2571 2381 2662 scripsissem
2484 2575 2889 2646 excellentiae

797 2681 1040 2756 vestrae,
1085 2677 1214 2742 nisi
1253 2675 1556 2744 timerem
1601 2677 1947 2744 literarum
2000 2679 2385 2766 prolixitate
2436 2677 2643 2762 vobis,
2688 2683 2893 2752 variis

797 2781 1316 2874 occupationibus
1361 2781 1666 2862 detentiS,
1717 2803 2027 2850 onerosus
2074 2805 2223 2850 esse.

1733 3183 1936 3252 VIII.

797 3383 1112 3474 Mayiste‘r
1153 3387 1482 3456 Robertus
1531 3387 1922 3458 Grossctestc
1974 3387 2233 3456 dilcctcc
2286 3389 2423 3458 sibi
2474 3391 2563 3460 in
2618 3393 2887 3466 Olwisto
3002 3435 3145 3482 1232,

1119 3491 1180 3558 J
1175 3499 1370 3562 uettae
1413 3491 1636 3562 sorori
1681 3515 1826 3560 succ
1869 3493 2163 3560 salutem
2208 3501 2549 3562 (eternam.

881 3663 1292 3734 Desideranti
1337 3669 1466 3734 tibi
1511 3667 1920 3734 valetudinis
1980 3691 2145 3736 mese
2208 3673 2459 3736 statum
2520 3693 2883 3756 agnoscere,
2912 3695 3013 3748 His
3034 3713 3173 3748 reco-

799 3774 862 3834 ot
905 3775 980 3834 ut
1025 3793 1174 3836 eum
1225 3771 1436 3838 literis
1493 3771 1622 3836 tibi
1685 3771 2015 3836 insinuem
2076 3771 2271 3838 avide
2330 3771 2689 3858 expetenti,
2740 3775 2885 3842 bre-
2910 3765 3189 3884 {ss'grfmm

797 3873 962 3938 viter
1007 3873 1298 3962 significo
1365 3875 1544 3962 quod
1603 3881 1760 3942 ante
1821 3877 2065 3942 festum
2112 3877 2429 3942 Omnium
2490 3873 2885 3944 Sanctorum
2910 3911 2991 3964 He
3014 3915 3107 3964 has
3130 3931 3207 3966 re·

797 3979 976 4064 gravi
1037 3977 1234 4044 febris
1299 3983 1508 4044 acutae
1571 3977 1916 4044 detinebar
1974 3979 2409 4066 aegritudine3
2470 3977 2583 4042 sed
2636 3979 2885 4048 divinae
2910 3985 3141 4058 ¹19111100<1
3158 3981 3225 4032 au

795 4081 1018 4170 gratiae
1083 4103 1280 4148 manu
1325 4083 1412 4148 ad
1477 4105 1582 4148 me
1629 4085 1904 4148 extensa
1962 4105 2005 4146 a
2064 4083 2241 4148 dicta
2294 4079 2685 4168 aegritudine
2730 4107 2885 4150 con-
2910 4047 3195 4166 ῗζὲῃῗζθὲῗ

797 4185 982 4266 valui,
1017 4185 1314 4272 pristinae
1361 4191 1430 4254 et
1475 4191 1802 4252 consuetae
1847 4187 2201 4252 restitutus
2232 4183 2523 4250 sanitati.
2598 4185 2667 4248 N
2670 4189 2885 4254 overis
2908 4185 3113 4248 cepting
3130 4183 3209 4232 ΜΘ

797 4311 1042 4378 quoque
1109 4291 1286 4376 quod
1353 4311 1574 4356 omnes
1643 4291 1941 4356 redditus
2010 4311 2175 4376 quos
2240 4287 2463 4368 habui,
2532 4289 2883 4378 resignavi,
2906 4251 3141 4368 ἷὲἰῖξῗὲἶ
3152 4257 3201 4302 at

1623 4521 1872 4528 ffl-——-
1877 4521 2881 4530 mmm——

865 4679 878 4710 ²
911 4677 1076 4746 Sicut]
1111 4677 1200 4740 sic,
1223 4675 1406 4730 (2013.
1948 4679 1967 4710 ³
2000 4677 2271 4746 beatorum]
2306 4677 2455 4744 beati,
2474 4679 2579 4734 Sid.

859 4761 878 4790 ²
911 4759 1058 4826 hane]
1085 4773 1234 4822 nunc,
1253 4755 1434 4812 0.0.0.
1449 4775 1464 4818 ς
1481 4763 1620 4822 tunc,
1641 4755 1794 4824 Greg.
