3875 5734
1647 865 2005 924 EplsToLAE‘a
2742 859 2871 926 239

783 1041 1144 1130 corrigere?
1231 1037 1462 1106 Potest
1529 1039 1730 1106 etiam
1793 1041 2083 1108 accidere
2124 1043 2301 1128 quod
2344 1041 2579 1128 aliquis
2622 1043 2705 1108 de
2748 1043 2875 1108 cle-

781 1145 928 1212 ricis
947 1143 970 1182 ¹
1011 1143 1524 1232 praenominatiS,
1555 1167 1676 1230 per
1719 1145 2229 1212 defamationem
2274 1161 2465 1232 super
2506 1145 2873 1224 homicidio,

781 1251 888 1316 vel
929 1249 1124 1326 furtO,
1157 1247 1264 1314 vel
1293 1247 1670 1334 hujusmodi
1713 1247 2003 1330 crimine,
2036 1267 2155 1336 per
2190 1247 2441 1338 regiam
2482 1253 2877 1334 potestatem

783 1357 1004 1442 captus
1049 1349 1354 1416 tradatur
1397 1350 1704 1416 carcerali
1763 1341 2121 1434 custodiae,.
2148 1371 2283 1416 non
2328 1349 2705 1416 liberandus
2748 1351 2877 1416 nisi

783 1473 902 1546 per
963 1455 1350 1544 episcopum,
1423 1455 1530 1522 cui
1595 1455 1900 1520 tradetur
1962 1455 2037 1518 in
2096 1453 2239 1518 foro
2308 1453 2739 1518 ecclesiastico
2784 1473 2877 1520 se-

783 1559 1066 1626 cundum
1109 1557 1286 1644 leges
1331 1553 1796 1624 ecclesiasticas·
1837 1557 1926 1622 'ab
1966 1557 2193 1622 eodem
2226 1557 2259 1642 j
2268 1557 2667 1636 udicandus·;
2710 1573 2879 1620 nun-

785 1661 944 1750 quid
983 1679 1118 1728 non
1163 1661 1498 1750 episcopus
1547 1683 1808 1728 causam
1871 1655 2031 1726 talis
2094 1659 2445 1742 descindet,
2494 1659 2553 1726 si
2618 1659 2707 1726 sit
2766 1659 2881 1748 qui

781 1765 980 1832 talem
1023 1769 1328 1846 accuset3
1395 1767 1516 1830 aut
1583 1755 1718 1830 non
1779 1763 2109 1832 existente
2174 1769 2567 1844 accusatore,
2614 1769 2883 1852 propter

785 1869 974 1934 famae
1043 1867 1532 1934 vehementiam
1625 1869 1836 1934 eidem
1925 1869 2389 1956 purgationem
2470 1869 2735 1948 indicet,
2814 1873 2883 1934 et

775 1965 1180 2058 judicialiter
1245 1971 1736 2038 condemnabit
1783 1971 2067 2040 eundem
2132 1977 2253 2038 aut
2314 1971 2661 2038 absolvet?
2748 1971 2883 2040 Sed

787 2075 1138 2140 secundum
1205 2075 1738 2160 consequentiam
1801 2075 2031 2142 formae
2074 2077 2427 2142 verborum
2486 2075 2883 2142 intentionis

785 2183 1034 2256 vestrae,
1099 2195 1234 2242 non
1299 2183 1520 2264 potest
1587 2179 1922 2266 episcopus
1990 2183 2207 2246 vester
2268 2181 2391 2244 hoc
2454 2179 2685 2262 facere,
2730 2201 2881 2244 cum

785 2281 1140 2346 secundum
1207 2281 1386 2366 quod
1447 2297 1568 2348 vos
1629 2281 1936 2362 asseritis,
2008 2283 2225 2348 nullos
2294 2303 2591 2348 excessus
2654 2301 2877 2348 eorum

785 2377 942 2472 quos
985 2385 1204 2450 dicitis
1247 2389 1484 2452 vestrae
1545 2385 1991 2472 jurisdictioni
2060 2385 2337 2466 subesse,
2384 2381 2595 2472 possit
2640 2385 2881 2472 episco-

785 2503 906 2574 pus
947 2491 1166 2552 vester
1223 2487 1560 2574 puniendo
1619 2487 1941 2574 corrigere
2006 2505 2121 2552 seu
2184 2479 2565 2574 corrigendo
2628 2481 2879 2574 punire,

785 2591 890 2656 vel
935 2589 1286 2656 eorundem
1331 2607 1560 2658 causas
1611 2585 1866 2676 aliquas
1925 2591 2319 2670 descindere‚
2364 2591 2495 2654 nisi
2538 2591 2879 2676 contingat

787 2713 1158 2760 excessuum
1219 2693 1702 2776 correctionem,-
1747 2695 1856 2760 'vel
1919 2713 2265 2760 causarum
2330 2689 2717 2760 decisionem
2764 2709 2881 2778 per

793 2797 1300 2886 appellationem
1367 2797 1486 2862 aut
1557 2795 2027 2886 negligentiam
2088 2795 2321 2862 decani
2378 2791 2465 2860 ad
2508 2795 2725 2882 ipsum
2772 2795 2881 2860 de-

787 2891 974 2966 velvi⁶
1071 2899 1158 2964 In
1199 2899 1306 2964 his
1349 2903 1578 2964 autem
1619 2899 1878 2966 casibus
1921 2921 2135 2984 neque
2182 2899 2411 2964 decani
2474 2893 2881 2986 negligentia

785 3021 988 3090 neque
1033 3001 1384 3090 appellatio
1427 3003 1514 3068 ab
1557 3003 1702 3090 ipsc
1745 3003 1830 3068 ad
1875 3003 2247 3090 episcopum
2294 3001 2579 3066 incidere
2618 3003 2881 3068 valebit.

787 3105 1118 3190 Praeterea,
1167 3105 1224 3172 si
1285 3123 1422 3172 non
1487 3111 1961 3174 connumerato
2028 3105 2343 3194 episcop0,
2392 3105 2675 3172 decanus
2734 3121 2881 3172 cum

789 3201 1124 3292 canonicis,
1171 3207 1282 3276 vel
1327 3209 1634 3276 omnibus
1679 3209 1786 3276 vel
1847 3209 1941 3274 eis
2012 3221 2175 3296 quos
2240 3213 2595 3296 praesentes
2658 3209 2881 3276 adesse

787 3311 1106 3400 contingit
1165 3301 1244 3378 ⁴in
1307 3311 1668 3378 cathedrali
1733 3311 2015 3390 ecclesia,
2064 3311 2367 3378 dicantur
2426 3313 2793 3400 capitulum
2808 3313 2883 3394 2;

787 3421 854 3480 et
895 3415 986 3482 sic
1027 3415 1370 3480 nominato
1417 3415 1706 3502 capitulo
1749 3413 2007 3480 accidat
2068 3415 2433 3504 capitulum
2474 3415 2881 3480 committere

785 3519 854 3582 in
895 3519 1356 3584 auctoritatem
1403 3537 1518 3584 seu
1563 3519 1961 3604 dignitatem
2014 3529 2129 3584 seu
2174 3517 2457 3584 officium
2500 3519 2877 3606 episcopale,

785 3627 1358 3708 quantumcunque
1433 3621 1784 3686 manifesto
1859 3625 1930 3686 et
2018 3621 2279 3686 notorio
2364 3621 2649 3702 delicto}
2738 3621 2877 3686 sive

785 3723 1016 3788 habeat
1061 3723 1422 3810 capitulum
1483 3745 1746 3788 causam
1809 3723 2123 3788 adversus
2190 3723 2479 3810 aliquem
2542 3723 2625 3788 de
2676 3723 2877 3810 juris·-

785 3825 1068 3890 dictione
1135 3825 1438 3912 episcopi,
1493 3825 1634 3892 sive
1701 3825 1870 3890 alius
1940 3825 2313 3912 quicunque
2388 3825 2695 3892 adversus
2772 3843 2877 3890 ca-

785 3927 1076 4014 pitulum,
1125 3929 1480 3994 secundum
1527 3929 1704 4014 quod
1763 3929 2061 4014 ‘sequitur
2100 3929 2211 3996 vel
2256 3927 2439 4014 sequi
2484 3927 2751 3994 videtur
2792 3951 2877 3992 ex

783 4029 994 4094 verbis
1039 4029 1432 4096 intentionis
1475 4036 1730 4108 vestrae,
1781 4047 1920 4096 non
1962 4031 2207 4116 poterit
2276 4025 2607 4116 episcopus
2652 4029 2879 4116 hujus·

783 4131 956 4196 modi
1029 4131 1438 4198 commissum
1509 4133 1846 4218 puniendo
1923 4131 2239 4218 corrigere
2320 4131 2429 4196 vel
2502 4131 2877 4218 hujusmodi

783 4253 998 4298 causas
1061 4233 1452 4300 descindere.
1545 4233 1862 4320 Sequitur
1925 4255 2181 4320 quoque
2246 4255 2331 4298 ex
2376 4233 2595 4300 verbis
2658 4233 2875 4300 inten-

781 4335 974 4400 tionis
1019 4341 1274 4416 vestrae,
1323 4335 1500 4422 quod
1565 4359 1780 4422 neque
1843 4357 2203 4422 quosquam
2268 4335 2611 4400 hominum
2664 4359 2877 4422 neque

781 4437 996 4524 aliqua
1037 4439 1328 4532 locorum
1371 4441 1900 4528 praescriptorum
1950 4435 2399 4524 jurisdictioni
2442 4445 2681 4508 vestrae
2724 4441 2877 4508 sub-

847 4769 864 4802 ¹
893 4767 956 4824 de
973 4767 1190 4838 clericis]
1225 4769 1440 4836 delictiS,
1463 4767 1642 4826 0.C.c.
1817 4769 1832 4836 Ι
1942 4771 1959 4802 ²
1990 4769 2175 4826 0110.
2196 4779 2393 4840 repeats
2418 4771 2695 4840 capitulum.
