3875 5734
741 1021 962 1086 spondetl

743 1089 866 1140 with
889 1089 1010 1140 Car·-

741 1159 876 1208 dinal
891 1157 1034 1208 Giles

743 1227 890 1278 about
911 1225 992 1278 his

741 1295 966 1360 nephew.

813 2259 934 2308 12:37
959 2255 982 2306 Ρ

743 2851 800 2902 A
819 2857 1018 2916 request

743 2919 854 2970 that
873 2919 958 2970 Fr.

743 2987 1016 3054 Raymund

745 3055 848 3106 will

743 3121 976 3174 examine

745 3189 848 3240 and
867 3189 1028 3240 revise

743 3273 810 3308 an
827 3273 1020 3308 accom-

743 3323 968 3390 Panyins

743 3407 898 3456 paper
917 3409 986 3442 on

745 3459 962 3510 Lincoln

745 3527 940 3578 diocese

743 3595 912 3646 before
933 3595 998 3648 its

743 3671 996 3726 presenta-

745 3729 848 3780 tion
869 3739 922 3784 to
947 3733 1030 3784 the

743 3813 884 3862 pope·

1081 805 1208 870 128
1721 815 2017 866 ROBERTI
2058 813 2513 868 Gnossmnsrn

1073 997 1368 1076 scribere,
1439 995 1592 1084 quia
1657 1001 1892 1064 vestrae
1960 995 2461 1086 magnificentiae
2528 997 2811 1064 virtutes
2852 1019 2933 1064 ex
2992 1021 3142 1088 quo-

1073 1103 1352 1170 rundam
1415 1101 1550 1168 fido
1601 1101 1818 1170 relatu
1881 1103 2037 1170 novi
2086 1101 2379 1190 amplius,
2428 1107 2493 1170 et
2538 1103 2707 1190 quia,
2754 1103 2811 1168 si
2850 1103 3139 1186 recolitiS,

1071 1205 1334 1294 quando
1377 1205 1476 1272 fui
1517 1207 2011 1274 archidiaconus
2060 1207 2567 1288 LeircestrensiS‚
2614 1227 2733 1296 pro
2778 1207 3033 1296 speciali
3078 1215 3141 1274 et

1073 1311 1460 1380 amicissimo
1525 1313 1690 1378 mihi
1755 1313 1828 1380 in
1895 1311 2163 1380 Christo
2226 1313 2541 1402 magistro
2588 1311 2659 1378 P.
2702 1311 2871 1380 bono
2914 1319 3141 1400 nepote

1073 1423 1310 1500 vestro,
1373 1417 1448 1482 in
1513 1419 2043 1484 archidiaconatu
2132 1417 2449 1506 praedicto
2514 1415 2919 1500 beneficiam,
2988 1419 3143 1482 mihi

1073 1521 1540 1610 subscripsistis
1601 1521 1985 1590 familiarius
2022 1547 2037 1606 3
2108 1523 2181 1590 in
2222 1521 2609 1590 familiarem
2654 1521 2859 1610 igitur
2902 1525 2969 1588 et
3012 1545 3141 1610 spe-

1073 1627 1302 1694 cialem
1347 1627 1758 1696 dilectionem
1801 1649 2049 1716 pronus
2092 1629 2165 1694 in
2208 1633 2451 1694 terram
2494 1651 2671 1716 roge,
2718 1651 2821 1694 me
2862 1633 3141 1694 vestrum

1071 1731 1442 1818 specialiter
1537 1737 1758 1800 vestra
1847 1731 2159 1822 suscipiat
2246 1731 2551 1822 benignae
2648 1731 2937 1802 caritatis
3020 1753 3145 1798 am-

1069 1837 1380 1926 plexatiO.

1937 2061 2293 2130 XXXVII.

1089 2243 1254 2312 Viro
1329 2241 1700 2310 venerabili
1771 2241 1858 2310 in
1950 2241 2215 2310 Christo
2288 2241 2647 2310 carissimo
2718 2241 2955 2310 Fratri
2998 2241 3143 2310 Rei-

1253 2347 1528 2428 mwndO,
1567 2345 1856 2416 Ordinis
1883 2347 2221 2412 Fratrum
2248 2347 2807 2430 Proediecttorum,
2838 2347 3145 2414 Robertus

1247 2451 1694 2542 permissione
1717 2451 1969 2518 divina
1998 2451 2511 2520 Lineolniensis
2542 2451 2817 2520 ecclesiae
2842 2451 3145 2520 ‘minister

1253 2557 1560 2640 humilia
1591 2557 1882 2624 salutem
1911 2565 1971 2624 et
2000 2555 2347 2624 sincerum
2388 2555 2475 2624 ‘in
2518 2555 2817 2624 Domino
2848 2557 3141 2624 caritatis

1253 2661 1580 2750 affectum.
1873 2679 1878 2684 ·

1167 2835 1312 2902 Etsi
1355 2835 1582 2902 faciem
1631 2839 1918 2902 vestram
1974 2835 2367 2922 corporalem
2420 2855 2551 2900 non
2594 2833 2961 2916 viderimus²
3018 2857 3141 2902 cre-

1077 2937 1292 3006 dimus
1337 2943 1562 3006 tamen
1603 2939 1876 3006 firmiter
1919 2961 2037 3006 nos
2080 2961 2267 3006 nosse
2298 2961 2431 3018 VOS,
2462 2939 2619 3026 quia
2650 2961 2733 3006 ex
2772 2939 2901 3006 fido
2944 2941 3141 3006 relatu

1077 3067 1286 3110 mores
1331 3049 1584 3110 vestros
1613 3049 1680 3110 et
1723 3065 1918 3132 opera
1950 3043 2359 3132 sapientialia
2378 3041 2399 3080 ¹
2448 3045 2883 3126 referentium,
2928 3045 3141 3110 faciem

1077 3147 1382 3216 novimus
1427 3147 1712 3216 hominis
1751 3147 1959 3216 vestri
1986 3147 2359 3232 interioris3
2406 3153 2473 3216 et
2504 3147 2631 3214 nisi
2662 3147 2941 3236 cognitio
2966 3147 3143 3216 faciei

1075 3251 1408 3320 interioris
1473 3257 1642 3320 esset
1703 3275 1862 3320 vera
1907 3251 2197 3340 cognitio
2262 3251 2565 3334 hominis
2612 3253 2833 3320 nullus
2874 3253 3141 3340 seipsum

1077 3357 1396 3424 veraciter
1439 3363 1664 3424 noscet
1707 3381 1854 3422 eum
1895 3355 2127 3422 faciem
2170 3357 2501 3446 propriam
2530 3357 2913 3424 exteriorem
2940 3359 3145 3424 nullus

1075 3461 1318 3530 videat.
1429 3461 1634 3528 Vobis
1679 3461 1882 3552 igitur
1927 3483 2065 3528 non
2106 3461 2295 3550 quasi
2336 3461 2579 3552 ignom,
2628 3463 2739 3528 sed.
2786 3463 2967 3550 quasi
3010 3485 3141 3552 cog-

1075 3567 1238 3650 nito,
1283 3567 1688 3634 confidenter
1731 3567 2089 3646 scribimus,
2134 3567 2267 3634 imo
2312 3567 2533 3658 potius
2586 3567 2769 3656 quasi
2812 3575 3147 3654 praesentes

1075 3693 1196 3738 vos
1269 3673 1678 3760 alloquimur,
1751 3695 1902 3738 cum
1990 3671 2401 3760 conjunctior
2472 3673 2561 3740 sit
2640 3673 2997 3740 animorum
3080 3675 3147 3740 in

1079 3777 1344 3844 Christo
1373 3797 1508 3842 sese
1553 3777 1920 3842 amantium
1950 3797 2151 3864 quam
2194 3781 2413 3864 posset
2456 3799 2593 3844 esse
2636 3799 2969 3880 corporum
2996 3801 3147 3866 prae-

1075 3881 1308 3948 sentia.
1427 3879 1734 3948 Vestram
1807 3881 2031 3968 itaque
2106 3903 2305 3968 quam
2376 3879 2661 3948 brachiis
2730 3881 3015 3948 caritatis
3080 3881 3147 3948 in

1077 3985 1342 4054 Christo
1385 3987 1630 4052 arctius
1691 3987 2141 4074 amplexamur
2202 3985 2637 4074 praesentiam,
2686 4007 2831 4074 quae
2872 3979 3003 4052 non
3042 4009 3151 4052 ex·-

1075 4095 1300 4178 pectat
1329 4091 1584 4158 meritis
1625 4091 1993 4176 praeveniri,
2026 4089 2141 4158 sed
2172 4091 2465 4180 gratuito
2494 4089 2851 4178 praevenire
2880 4091 3147 4170 festinat,

1077 4195 1258 4261 omni
1323 4217 1452 4282 qua
1511 4217 1852 4284 possumus
1895 4195 2247 4260 devotione
2290 4217 2609 4282 rogamus„
2658 4199 2971 4280 quatenus
3012 4197 3149 4260 soli-

1079 4299 1390 4366 citudinis
1453 4299 1628 4364 illius
1685 4321 1880 4386 quam
1950 4299 2253 4366 omnibus
2328 4299 2609 4366 ecclesiis
2684 4299 3031 4386 vigilanter
3088 4305 3153 4364 et

1077 4403 1392 4470 indefesse
1457 4425 1604 4470 cum
1673 4425 1928 4468 summa
1992 4401 2403 4470 discretionis
2464 4401 2817 4490 prudentia
2872 4403 3153 4488 imperti-

1077 4507 1262 4588 mini,
1307 4505 1694 4592 particulam
1739 4507 2029 4592 aliquam
2074 4505 2355 4594 negotiis
2412 4505 2671 4588 nostris
2714 4505 2845 4572 imo
2888 4505 3153 4572 ecclesiae
3226 4547 3229 4550 -

1707 4791 1720 4822 ¹
1757 4787 2105 4856 sapientialia]
2142 4787 2413 4856 sapientiae,
2438 4787 2541 4842 Sid.
