3875 5734
1553 825 1906 876 Erls‘roLAE.
2710 813 2781 874 11

711 1013 812 1074 tus
851 1005 1082 1072 animae
1127 1005 1214 1070 sit
1261 1011 1406 1070 tota
1451 1005 1588 1092 ojus
1637 1005 2023 1084 substantia,
2088 1005 2195 1070 vel
2240 1025 2391 1092 pars
2434 1003 2589 1090 erS,
2642 1005 2789 1068 ubi-

711 1133 950 1200 cunque
995 1117 1092 1176 est
1139 1111 1276 1198 ejus
1321 1109 1550 1190 virtus
1601 1115 1700 1176 est
1745 1109 1890 1198 ipsa
1931 1115 2095 1190 tota,
2146 1111 2299 1200 quia
2322 1109 2341 1146 ¹
2408 1111 2607 1176 etiam
2672 1109 2789 1176 ubi

709 1221 802 1284 est
845 1217 978 1304 ejus
995 1215 1022 1250 2
1065 1239 1228 1302 pars,
1279 1221 1378 1284 est
1435 1215 1578 1302 ipsa
1619 1221 1780 1296 tota,
1829 1239 1977 1282 cum
2022 1239 2157 1282 non
2200 1217 2289 1282 sit
2332 1215 2787 1306 magnitudine

711 1323 886 1388 molis
929 1322 1260 1404 distenta3
1321 1323 1378 1386 si
1421 1343 1578 1388 vero
1647 1321 1902 1386 dicatur
1962 1321 2177 1388 virtus
2246 1321 2385 1410 ejus
2448 1345 2583 1388 6666
2652 1321 2789 1410 ejus

709 1427 1002 1508 6661116116,
1049 1453 1196 1494 611111
1241 1427 1538 1494 accidens
1581 1449 1718 1494 non
1777 1427 1983 1518 possit
2028 1449 2165 1494 6666
2208 1449 2253 1494 a
2286 1425 2575 1514 subjecto
2622 1429 2787 1494 divi-

711 1557 858 1614 sum,
925 1533 1292 1622 ubicunque
1313 1533 1340 1572 3
1409 1539 1508 1602 est
1573 1533 1712 1622 ejus
1735 1533 1762 1570 4
1807 1533 2023 1600 virtus
2082 1539 2153 1600 et
2220 1533 2359 1622 ejus
2404 1533 2789 1600 substantia.

713 1641 836 1706 Sed
875 1641 1040 1706 forte
1085 1641 1198 1728 qui
1245 1641 1476 1706 dieunt
1531 1663 1678 1708 eam
1721 1641 1977 1708 virtute
2022 1641 2161 1706 sola
2220 1663 2339 1728 per
2390 1645 2609 1706 totum
2656 1663 2789 1708 601·-

711 1769 824 1834 pus
895 1747 1212 1826 diffusam,
1291 1747 1742 1836 imaginantur
1805 1769 1947 1812 eam
2016 1747 2181 1812 sicut
2248 1751 2567 1836 punctum
2630 1745 2789 1812 lucis

711 1851 898 1918 situm
941 1851 1012 1916 in
1055 1851 1244 1918 corde
1289 1851 1398 1918 vel
1439 1853 1514 1918 in
1559 1853 1834 1932 cerebro,
1881 1851 2167 1940 undique
2210 1875 2253 1916 a
2298 1875 2365 1918 se
2412 1875 2529 1940 per
2570 1857 2787 1918 totum

713 1979 928 2046 corpus
971 1957 1184 2024 radios
1231 1957 1676 2024 diffundentis.
1773 1959 1934 2024 Haec
1984 1959 2371 2046 imaginatio
2418 1981 2595 2024 vana
2644 1963 2787 2040 est3

713 2085 836 2128 non
881 2063 1048 2130 enim
1091 2065 1232 2150 ipsa
1287 2065 1540 2130 situalis
1609 2069 1726 2142 est,
1801 2085 1947 2130 cum
2018 2063 2105 2130 sit
2170 2087 2329 2152 pure
2390 2063 2781 2152 incorporea.

713 2169 784 2232 Si
825 2169 992 2232 enim
1051 2173 1216 2234 esset
1283 2169 1552 2248 sitnafis,
1619 2175 1838 2256 posset
1905 2193 1947 2234 a
2010 2175 2253 2256 puncto
2324 2174 2517 2234 extra
2584 2169 2787 2234 situm

711 2275 906 2364 ipsius
951 2281 1236 2364 sumpto,
1287 2277 1436 2342 duci
1479 2277 1656 2340 linea
1723 2277 1808 2340 ad
1881 2277 2109 2364 ipsam,
2176 2281 2245 2342 et
2310 2277 2675 2342 mensurari
2720 2279 2791 2340 et

713 2381 1116 2448 determinari
1191 2381 1382 2448 certis
1445 2381 1770 2448 mensuris
1845 2381 2129 2470 spatium
2204 2381 2381 2446 inter
2446 2381 2659 2468 ipsam
2720 2385 2787 2446 et

713 2493 1012 2574 punctum
1057 2487 1382 2574 signatum
1411 2499 1430 2568 ξ
1489 2487 1664 2574 quod
1709 2487 1918 2574 magis
1962 2487 2361 2574 impossibile
2408 2497 2523 2568 est,
2590 2509 2787 2574 quam

713 2593 942 2658 lineam
985 2613 1166 2680 posse
1215 2593 1360 2658 duci
1409 2615 1448 2658 a
1489 2595 1738 2680 puncto
1785 2593 2043 2680 signato
2088 2593 2163 2656 in
2208 2613 2469 2680 corpore
2516 2593 2601 2656 ad
2646 2593 2787 2678 ejus

713 2697 1046 2764 sanitatem
1133 2697 1240 2762 vel
1343 2697 1816 2766 elementorum
1915 2695 2611 2764 commensurationem
2718 2701 2787 2762 et

711 2803 1192 2892 proportionem.
1287 2801 1408 2868 Est
1451 2805 1678 2890 itaque
1723 2803 1947 2868 anima
1992 2803 2065 2868 in
2118 2825 2383 2892 corpore
2446 2803 2583 2868 sine
2652 2801 2787 2868 situ

711 2929 996 2994 praesens,
1045 2907 1180 2972 sine
1223 2907 1364 2972 1060
1409 2907 1654 2994 ubique
1699 2911 1862 2988 tota,
1911 2907 1983 2972 id
2046 2913 2163 2988 est,
2234 2907 2375 2974 sine
2422 2907 2787 2994 superficiei

713 3011 1048 3078 ambientis
1091 3011 1298 3098 ipsam
1361 3013 1971 3100 circumscriptione.
2066 3011 2249 3078 Solet
2292 3017 2519 3078 tamen
2562 3009 2785 3078 anima

713 3117 852 3198 dici,
897 3139 1044 3196 esse,
1091 3117 1196 3182 vel
1243 3117 1444 3180 situm
1487 3117 1742 3198 habere,
1791 3117 1862 3180 in
1931 3117 2049 3180 illa
2090 3121 2279 3204 parte
2324 3117 2607 3204 corporis
2670 3117 2787 3182 ubi

713 3219 962 3288 inchoat
1005 3221 1326 3288 motiones
1357 3243 1508 3288 sua-s
1531 3219 1558 3258 5
1587 3243 1943 3310 corporeae,
1974 3221 2213 3308 quibus
2262 3223 2477 3288 utitur
2506 3223 2577 3288 in
2622 3221 2787 3312 regi·-

713 3327 878 3392 mine
921 3327 1212 3414 corporis,
1259 3331 1490 3414 utpote
1535 3327 1608 3392 in
1653 3325 1856 3404 corde,
1907 3327 2063 3414 quia
2106 3325 2289 3390 illinc
2332 3325 2601 3394 inchoat
2646 3351 2787 3392 mo·-

713 3433 912 3498 tiones
955 3453 1302 3520 corporeae,
1351 3433 1588 3520 quibus
1633 3431 1850 3498 utitur
1895 3431 1967 3496 in
1998 3431 2393 3498 vivificando
2438 3455 2701 3520 corpore
2720 3429 2785 3510 ⁶3

715 3537 816 3600 vel
855 3535 924 3600 in
969 3537 1242 3614 cerebrO,
1315 3537 1468 3622 quia
1513 3537 1696 3602 1111116
1739 3535 2007 3600 inchoat
2068 3537 2391 3602 motiones
2452 3559 2787 3624 corporeas

715 3639 938 3726 quibus
979 3639 1192 3706 utitur
1233 3639 1308 3702 in
1361 3639 1722 3720 sentiendo,
1771 3639 1878 3706 vel
1940 3663 2173 3726 eorpus
2238 3663 2429 3706 suum
2494 3641 2787 3706 localiter

713 3743 1034 3810 movendo.
1155 3743 1354 3810 Unde
1429 3745 1502 3810 in
1577 3745 1826 3810 talibus
1911 3743 2317 3810 sermonibus
2392 3745 2787 3810 attribuitur

715 3849 938 3914 animae
1003 3849 1168 3914 situs
1225 3871 1358 3914 non
1421 3849 1532 3936 qui
1593 3853 1694 3916 est
1753 3849 1957 3936 ipsius
2016 3849 2271 3928 animae,
2332 3847 2445 3914 sed
2508 3849 2621 3934 qui
2684 3851 2787 3914 est

713 3951 934 4018 radicis
967 3953 1268 4018 motionis
1301 3969 1638 4042 corporeae,
1685 3975 1880 4040 quam
1925 3955 2067 4042 ipsa
2090 3953 2131 4032 ⁷,
2182 3975 2309 4020 non
2358 3953 2613 4020 situalis
2666 3975 2785 4020 nec

715 4057 1034 4146 superficie
1109 4059 1230 4124 1061
1301 4059 1941 4146 circumscriptibilis,
2018 4059 2191 4124 facit.
2314 4059 2499 4124 Sicut
2560 4065 2783 4126 autem

713 4163 918 4228 anima
981 4163 1118 4226 sine
1177 4163 1314 4230 situ
1377 4185 1664 4250 praesens
1743 4169 1844 4230 est
1925 4169 1993 4230 et
2076 4163 2217 4228 sine
2294 4161 2451 4242 1060,
2532 4161 2601 4226 id
2664 4169 2779 4242 est,

717 4267 1058 4356 superficiei
1097 4267 1448 4334 ambientis
1509 4267 2119 4356 circumscriptione,
2200 4267 2445 4352 ubique
2506 4271 2651 4334 tota
2706 4269 2781 4332 in

887 4461 996 4468 ·-—-»---
1007 4463 1016 4468 -
1033 4463 1040 4466 -
1047 4463 1064 4466 --
1071 4463 1076 4466 -
1083 4463 1094 4466 ·-
1115 4461 1188 4468 -ςμ,
1205 4463 1220 4468 ,.
1229 4463 1250 4468 ...
1261 4465 1274 4468 -
1287 4461 1328 4468 ...-
1345 4463 1348 4466 .
1401 4461 1416 4468 .-
1427 4461 1516 4466 .,-.--
1533 4461 1538 4464 -
1547 4461 1578 4466 .--
1585 4461 1606 4466 --
1623 4461 1676 4466 -.—...
1693 4461 1716 4466 ψ,-
1725 4461 1961 4466 ———......—--—
1968 4461 2119 4466 ———-·-—
2126 4457 2701 4466 .-.-.-..———.-.——.-—.—-.-.....2...-.a..4-..-
2710 4461 2719 4464 ·-
2726 4459 2781 4466 ,ηψ-

775 4573 788 4606 ¹
821 4569 960 4640 qm'a]
995 4575 1164 4624 erased
1185 4573 1238 4624 in
1263 4571 1366 4626 sid.
1847 4571 1868 4602 5
1899 4575 2043 4642 suas]
2082 4591 2179 4626 om.
2206 4575 2403 4634 C.C.C.‚
2430 4575 2529 4628 Ox.

775 4663 794 4690 '-’
823 4657 946 4722 ejus]
983 4667 1080 4708 om.
1103 4655 1204 4710 Sid.

773 4743 792 4770 ³
823 4737 1106 4804 ubicunq-ue]
1147 4745 1360 4804 uterque.

775 4821 792 4850 ⁴
823 4819 948 4888 ejus]
983 4825 1080 4870 om.
1103 4817 1206 4872 sicr
1849 4815 1868 4842 ⁷
1901 4815 2039 4880 13036]
2076 4831 2171 4866 om.
2196 4815 2373 4866 C.O.C;

1847 4695 1866 4722 ‘³
1897 4695 2119 4760 corpore]
2160 4711 2353 4760 corpu&
2378 4693 2573 4758 c.C.C.,
2596 4697 2695 4748 Ox.
