3875 5734
1157 749 1298 816 192·
1805 763 2095 816 nonsart
2144 763 2601 816 enossnrsssrn

1153 949 1380 1014 debita
1421 945 1796 1028 referenda;
1841 953 1908 1014 et
1952 949 2107 1036 quia
2152 951 2525 1014 sanctorum
2568 947 2767 1014 loculi
2796 969 2939 1014 cum
2982 971 3217 1016 summa

1155 1053 1498 1120 devotione
1561 1057 1628 1118 et
1691 1053 1924 1120 timore
1986 1053 2353 1142 mentisque
2416 1053 2709 1140 puritate
2756 1057 2909 1118 sunt
2952 1059 3217 1122 contrec-

1153 1159 1360 1238 tandi,
1407 1159 1802 1224 consulimus
1867 1161 1938 1224 in
2004 1161 2307 1240 Domin0‚
2372 1163 2449 1224 ut
2514 1163 2671 1224 ante
2718 1157 3033 1224 dictorum
3096 1181 3219 1224 cor-

1151 1285 1386 1352 porum
1441 1267 1959 1346 commotionem,
2020 1263 2307 1354 jejuniis,
2376 1263 2641 1352 vigiliis,
2688 1263 3097 1346 orationibus
3158 1269 3219 1332 et

1151 1371 1710 1458 eleemosynarum
1783 1371 2243 1460 largitionibus
2316 1369 2751 1458 vosmetipsos
2812 1369 3219 1458 purificantes

1153 1477 1504 1544 eorundem
1551 1481 1922 1544 sanctorum
1966 1477 2319 1564 impetrare
2364 1475 2683 1564 satagatis
2728 1473 3219 1542 consolationem.

2084 1779 2247 1844 LXI
2256 1777 2327 1844 V.

891 1947 1032 1998 1238.
1157 1925 1610 1996 Sanctissimo
1667 1927 1880 1996 Patri
1944 1937 2001 1998 et
2076 1929 2383 1998 Domino
2430 1929 2771 2016 (ἕψεροψὶο,
2832 1927 2961 1998 Dea:
3012 1927 3219 2016 yratia

1331 2055 1598 2100 summo
1661 2033 2013 2122 Pontifici,
2088 2035 2439 2114 RobertuS,
2486 2033 2925 2102 miseratione
2996 2033 3219 2102 divina

1331 2135 1844 2206 Lincolniensis
1905 2139 2185 2208 ecclesio&
2246 2139 2567 2208 ‘minister
2630 2139 2933 2220 humilis,
2988 2139 3219 2228 pedum

1331 2243 1560 2310 oscula
1605 2243 1965 2310 beatorum.

819 2395 1128 2476 Grossetfeste
1241 2381 1400 2448 Non
1429 2383 1638 2448 solum
1683 2381 2043 2464 abundans,
2090 2381 2205 2448 sed
2250 2385 2319 2448 et
2348 2381 2889 2468 superabundans
2928 2381 3215 2470 multipli-

817 2467 962 2582 ἓξὲξ
979 2465 1118 2586 gisae
1155 2485 1326 2552 cium
1415 2487 1995 2552 beneficentiamm
2082 2483 2313 2572 gratia,
2388 2507 2585 2572 quam
2676 2507 2841 2552 meae
2926 2485 3217 2574 parvitati

819 2601 996 2652 Ardea
1019 2609 1070 2652 to
1153 2593 1362 2678 gratis
1407 2591 1710 2656 exhibuit
1777 2589 2151 2656 sanctitatis
2218 2595 2453 2656 vestrae
2524 2589 2901 2676 benignitas
2940 2591 3213 2678 gratiosa,

815 2685 948 2802 {³223ss
967 2669 1098 2790 ἓξ·
1155 2697 1226 2760 id
1289 2719 1566 2784 parvum
1633 2697 1812 2782 quod
1877 2719 2025 2760 sum
2090 2699 2311 2760 totum
2378 2693 2553 2780 rapit
2598 2695 2673 2760 in
2718 2697 3063 2782 gratiarum
3124 2717 3215 2760 ac-

817 2813 870 2884 tq
891 2805 1094 2884 explain
1155 2799 1404 2866 tionem
1463 2805 1888 2888 perpetua1n3
1950 2805 2019 2866 et
2088 2799 2245 2886 quia
2304 2797 2537 2886 gratiae
2598 2799 2937 2886 proprium
2996 2805 3089 2866 est
3146 2805 3215 2868 ut

817 2871 898 2922 ¹³¹⁸
915 2873 1112 2928 mshes.
1155 2926 1346 2992 quem
1391 2903 1594 2992 gratis
1639 2905 1977 2992 praevenit,
2028 2905 2309 2970 eundem
2360 2905 2721 2992 supplicem
2778 2903 2973 2970 etiam
3014 2907 3217 2994 ampli·

1153 3009 1374 3074 oribus
1435 3009 1868 3096 subsequatur
1931 3009 2283 3090 beneficiis,
2348 3029 2529 3096 spem
2594 3009 3025 3074 firmissimam
3078 3033 3215 3096 gero

819 3121 962 3176 Cant.
987 3123 1078 3180 iv.·
1155 3113 1330 3200 quod
1373 3119 1608 3180 vestrae
1655 3113 2029 3180 sanctitatis
2090 3111 2365 3180 affluens
2430 3113 2649 3202 gratia
2694 3117 2763 3180 et
2804 3113 3009 3180 instar
3040 3115 3217 3202 putei

821 3195 898 3240 ¹5‘
1155 3239 1496 3306 aquarum
1553 3217 1943 3284 viventium
2002 3241 2149 3306 quoe
2176 3217 2427 3306 fluunt
2476 3217 2747 3306 impetu
2772 3217 2793 3254 ¹
2838 3217 2915 3284 de
2956 3217 3213 3300 Libane,

1157 3345 1408 3408 semper
1449 3323 1658 3410 magis
1717 3345 1794 3390 ac
1859 3323 2069 3410 magis
2118 3323 2505 3404 exuberans,
2550 3345 2659 3390 me
2702 3321 3047 3410 supplicem
3084 3345 3217 3390 ves-

1153 3431 1348 3508 trum,
1419 3449 1612 3512 quem
1677 3427 2025 3492 uberrimis
2088 3427 2335 3494 infudit
2404 3425 2631 3508 initiis,
2678 3449 2881 3516 usque
2928 3427 2997 3492 in
3038 3427 3213 3494 finem

1155 3531 1598 3618 subsequetur,
1645 3537 2071 3620 augmentata
2124 3531 2565 3622 superfusione
2634 3531 3067 3600 beneficentiae
3126 3555 3215 3600 co·

1153 3637 1464 3722 piosioris.
1557 3637 1666 3702 Ex
1705 3635 1902 3722 hujus
1964 3637 2191 3724 itaque
2260 3637 2397 3726 spei
2462 3635 2875 3718 confidentia,
2920 3637 3003 3702 ad
3040 3637 3215 3724 pedes

1153 3745 1394 3806 vestrae
1437 3741 1810 3807 sanctitatis
1855 3741 2175 3808 dilectum
2236 3741 2309 3804 in
2374 3741 2637 3808 Christo
2682 3741 2979 3806 clericum
3018 3761 3213 3806 meum

1157 3843 1218 3910 S.
1295 3846 1568 3912 latorem
1655 3845 2089 3932 praesentium,
2162 3851 2645 3934 procuratorem
2718 3867 2949 3928 meum,
3020 3845 3211 3926 mitte,

1155 3953 1406 4036 quanta
1449 3951 1796 4016 devotione
1841 3951 2031 4018 valeo
2094 3951 2457 4018 humillime
2526 3951 2909 4038 supplicans
2952 3955 3027 4016 ut
3084 3975 3213 4038 quae

1155 4059 1390 4122 vestrae
1457 4055 1798 4122 sanctitati
1863 4079 1949 4122 ex
2014 4059 2199 4144 parte
2268 4053 2621 4144 parvitatis
2682 4077 2843 4122 meae
2904 4063 3213 4144 proponet,

1155 4161 1380 4224 audire
1441 4161 1802 4248 dignemini
1867 4161 2061 4226 solita
2118 4161 2547 4248 benignitate,
2598 4183 2745 4248 quae
2788 4161 2863 4224 in
2902 4159 3001 4226 his
3050 4161 3217 4246 justa

1155 4263 1402 4330 fuerint
1475 4269 1544 4330 et
1607 4265 1882 4330 honesta
1956 4263 2031 4328 in
2102 4263 2415 4332 honorem
2478 4263 2609 4330 Dei
2682 4287 2797 4332 seu
2868 4265 3213 4332 libertatem

1155 4367 1650 4434 ecclesiasticam
1695 4389 1808 4434 seu
1871 4367 2239 4434 animarum
2306 4369 2581 4434 salutem
2648 4369 2999 4450 tendentia,
3042 4369 3217 4434 solito

1155 4471 1580 4560 benignitatis
1625 4469 1848 4536 favore
1889 4477 2391 4560 prosequentes:
2440 4473 2631 4558 siqua
2672 4495 2829 4540 vero
2872 4495 2985 4560 per
3024 4493 3213 4536 meam

1155 4575 1258 4642 vel
1291 4575 1452 4642 dicti
1493 4575 1928 4662 procuratoris
1970 4575 2099 4640 mei
2144 4575 2613 4664 negligentiam
2656 4575 2761 4642 his
2802 4575 3043 4642 fuerint
3084 4597 3217 4664 pro-

1163 4703 1282 4710 —---,

1823 4761 1838 4790 ¹
1875 4761 2077 4826 impetu]
2114 4759 2171 4808 in
2190 4767 2357 4824 putee,
2382 4759 2559 4812 O.C.c.
