3875 5734
1497 889 1854 942 EPISTOLAE.
2596 881 2725 944 303

633 1081 864 1152 pensas
907 1061 1214 1146 ejusdem,
1245 1063 1352 1128 vel
1395 1085 1550 1128 non.
1615 1065 1828 1132 Novit
1871 1071 2101 1132 autem
2138 1071 2361 1130 vestra
2404 1065 2725 1146 discretiO,

635 1167 804 1256 quod
869 1167 1230 1234 secundum
1271 1167 1810 1254 philosophorum
1871 1169 2295 1236 assertionem
2364 1171 2727 1236 consiliatio

635 1271 932 1340 consistit
977 1273 1050 1338 in
1093 1273 1408 1362 prudenti
1453 1273 1810 1338 secundum
1871 1273 2427 1358 probabilissimas
2480 1273 2727 1360 conjec-

631 1383 812 1442 turas
865 1375 1396 1464 investigatione,
1459 1381 1528 1440 et
1571 1375 2043 1442 adinventione
2088 1377 2527 1462 electioneque
2596 1377 2727 1442 viee

635 1501 778 1566 quae
873 1479 1184 1546 directius
1259 1477 1710 1566 efficaciusque
1775 1479 1959 1544 ducit
2024 1479 2111 1544 ad
2184 1479 2385 1544 finem
2478 1479 2729 1566 aliquid

635 1585 876 1648 bonum
935 1583 1042 1648 vel
1107 1583 1432 1670 optimum
1493 1581 1949 1670 propositum:
1996 1583 2147 1648 finis
2210 1587 2435 1648 autem
2496 1603 2727 1668 propo-

635 1687 796 1752 situs
841 1691 908 1752 et
977 1687 1278 1752 intentus
1341 1685 1618 1774 proprie,
1691 1685 2153 1772 principaliter,
2202 1688 2271 1752 et
2334 1683 2619 1752 maxime
2686 1707 2727 1748 a

635 1791 986 1856 constituto
1011 1787 1030 1826 ¹
1079 1791 1154 1856 in
1199 1791 1542 1878 episcopali
1587 1789 1810 1868 officie,
1859 1791 2031 1856 salus
2076 1795 2177 1856 est
2222 1795 2475 1856 aeterna
2502 1789 2727 1856 ovium

635 1917 674 1958 a
737 1899 994 1980 pastore
1055 1917 1310 1960 summo
1357 1893 1644 1958 Domino
1703 1893 1752 1958 J
1753 1917 1868 1960 esu
1935 1893 2201 1960 Christo
2274 1915 2451 1962 curae
2520 1891 2727 1980 ipsius

635 1997 1134 2064 commissarum.
1229 1997 1476 2062 Nostra
1547 1995 1754 2084 igitur
1821 1995 2205 2074 consiliatio,
2274 1999 2385 2064 vel
2452 1995 2727 2080 alicujus

635 2103 878 2166 veracis
945 2101 1378 2168 consiliatoris
1441 2101 1648 2168 altera
1715 2123 1850 2168 esse
1919 2123 2053 2166 non
2118 2103 2383 2188 poterit,
2448 2101 2581 2166 nisi
2622 2105 2721 2180 ut,

633 2205 1044 2270 consideratis
1119 2205 1454 2292 utrimque
1479 2203 1506 2242 2
1565 2205 1922 2270 secundum
1982 2205 2405 2270 rationabiles
2476 2205 2725 2292 conjec-

635 2311 812 2372 turas
887 2307 1346 2386 accidentibus,
1423 2307 1540 2372 illa
1631 2307 1900 2374 tandem
1974 2329 2123 2394 pars
2220 2307 2515 2394 eligatur,
2574 2329 2721 2394 quae

633 2411 984 2476 secundum
1055 2411 1264 2498 magis
1337 2411 1754 2478 rationabiles
1851 2409 2441 2496 conjecturationes
2514 2413 2721 2498 magis

633 2515 936 2602 expedire
995 2513 1266 2580 videtur
1325 2515 1522 2580 saluti
1589 2517 1957 2580 animarum
2022 2537 2199 2582 curse
2242 2521 2481 2582 vestrae
2550 2537 2721 2580 com-

633 2619 986 2696 missarum,
1077 2641 1194 2694 seu
1281 2619 1500 2704 potius
1589 2619 1975 2706 simpliciter
2046 2619 2249 2682 saluti
2340 2619 2717 2684 animarum.

635 2719 798 2784 Tota
839 2721 1044 2808 igitur
1089 2719 1454 2786 consiliatio
1499 2721 1570 2786 in
1637 2721 1758 2786 hac
1801 2725 1989 2808 parte
2034 2741 2119 2784 ex
2180 2721 2301 2784 hoc
2372 2719 2715 2808 dependet,

635 2827 710 2888 ut
751 2823 1058 2890 videlicet
1103 2823 1612 2910 exquisitissime
1677 2823 2131 2912 investigetur,
2180 2829 2505 2910 quantum
2574 2825 2717 2890 fieri

633 2927 872 3012 poterit
933 2929 1286 2992 secundum
1361 2927 1776 2994 rationabiles
1851 2927 2267 3014 conjecturas
2338 2931 2565 2992 utrum
2636 2949 2723 2994 ex

633 3035 846 3096 vestro
917 3033 1208 3096 transitu
1281 3053 1432 3096 cum
1505 3031 1838 3118 praedictis
1901 3031 2403 3110 conditionibus,
2468 3031 2577 3096 vel
2636 3053 2723 3096 ex

635 3141 850 3198 vestra
891 3155 1076 3200 mora
1125 3155 1274 3200 cum
1337 3137 1574 3202 vestrae
1617 3157 1790 3200 curae
1853 3135 2211 3200 commissis
2272 3135 2507 3200 ovibus
2574 3135 2721 3222 plus

635 3237 934 3302 videatur
977 3237 1262 3304 accidere
1309 3237 1484 3302 salus
1527 3237 1906 3304 animarum.
2004 3237 2173 3304 Cum
2224 3237 2429 3324 igitur
2494 3243 2721 3304 nostra

635 3339 704 3402 in
763 3339 1006 3404 talibus
1067 3339 1546 3428 inexperientia
1611 3341 1860 3406 nesciat
1925 3339 2081 3406 hinc
2146 3341 2301 3406 inde
2364 3339 2719 3406 secundum

633 3443 994 3528 probabiles
1055 3443 1456 3530 conjecturas
1517 3443 1880 3510 accidentia
1946 3443 2307 3532 prudenter
2372 3445 2659 3510 conicere
2676 3441 2725 3526 33

633 3567 838 3632 neque
897 3547 1084 3628 forte,
1159 3549 1416 3614 etiamsi
1489 3547 1642 3612 hinc
1703 3549 1856 3612 inde
1925 3549 2279 3614 seeundum
2354 3547 2723 3634 probabiles

633 3649 1030 3734 conjecturas
1105 3651 1330 3716 futura
1387 3651 1694 3716 sciremus
1769 3651 2055 3722 conicere
2078 3649 2119 3732 3,
2196 3655 2419 3716 nosset
2490 3653 2717 3716 nostra

633 3753 1076 3840 imprudentia
1145 3755 1502 3842 prudenter
1591 3753 1953 3840 prospicere
2040 3777 2189 3840 quae
2262 3777 2349 3820 ex
2442 3759 2721 3840 utraque

633 3861 814 3942 parte
879 3857 1242 3922 accidentia
1301 3859 1450 3942 plus
1509 3857 1890 3922 viderentur
1962 3857 2451 3922 rationabiliter
2522 3855 2721 3924 saluti

633 3959 994 4024 animarum
1059 3959 1394 4042 conferre3
1457 3959 1742 4048 qualiter
1807 3981 2139 4046 possemus
2206 3961 2277 4024 in
2346 3959 2469 4024 hac
2536 3965 2721 4046 parte

635 4065 818 4130 vobis
863 4065 1206 4130 consilium
1263 4065 1466 4130 dare?
1557 4065 1730 4144 Quia
1787 4067 2009 4130 autem
2054 4087 2173 4130 vos
2242 4065 2411 4130 sicut
2478 4069 2547 4128 et
2602 4087 2723 4130 nos

635 4167 1106 4234 desideramus⁴
1177 4169 1250 4234 in
1323 4167 1626 4234 omnibus
1701 4187 2003 4254 prospere
2078 4171 2147 4232 et
2224 4187 2371 4254 quae
2448 4165 2721 4232 Domini

633 4275 890 4360 accepta
963 4275 1120 4338 sunt
1185 4269 1520 4338 voluntati
1583 4293 1904 4360 peragere,
1976 4269 2031 4336 si
2098 4275 2325 4338 vestra
2384 4293 2721 4358 possemus

697 4635 712 4664 ¹
747 4635 922 4688 C.C.C.
947 4635 1128 4686 inserts
1149 4641 1208 4686 et.
1791 4635 1810 4664 ⁴
1841 4633 2193 4700 desideramus]
2270 4631 2655 4694 consideramuS,

697 4715 718 4744 ²
747 4717 1004 4782 utrimque]
1043 4723 1322 4780 utrumque,
1345 4713 1522 4792 CCC.
1727 4713 1910 4768 C.c.c.

695 4797 716 4824 ³
747 4797 984 4864 conicere]
1021 4797 1298 4858 convicere,
1321 4793 1502 4848 C.C.C.
