3875 5734
1087 759 1212 826 184
1721 779 2013 830 ROBERTI
2062 777 2521 834 unossnrsssrn

1081 963 1304 1030 sonitu
1345 959 1820 1050 praedicationis
1863 961 2231 1052 ingrediens
2274 967 2345 1028 et
2406 963 2735 1050 egrediens
2780 963 3145 1030 tabernacu-

1081 1067 1218 1134 lum
1283 1067 1544 1150 incedit,
1613 1067 1971 1158 mortisque
2036 1069 2247 1158 gregis
2322 1067 2529 1134 totius
2604 1089 2751 1134 reus
2816 1073 2931 1148 est,
3010 1091 3147 1134 cum

1079 1179 1340 1260 pastum
1407 1173 1642 1240 debeat
1707 1179 1774 1242 et
1835 1197 1973 1242 non
2056 1173 2271 1254 solvit,
2354 1173 2529 1240 unde
2610 1195 2869 1260 gregem
2938 1173 3147 1242 vivere

1081 1281 1352 1366 oportet.
1445 1277 1584 1346 Nec
1649 1283 1926 1368 possunt
1992 1301 2033 1344 a
2092 1277 2433 1366 participio
2496 1275 2691 1362 hujus
2764 1281 2977 1344 reatus
3034 1279 3147 1342 im-

1081 1407 1310 1450 munes
1339 1407 1490 1466 esse,
1525 1383 1640 1472 qui
1665 1383 1965 1472 precibus
2010 1407 2125 1450 seu
2152 1383 2377 1470 pretio,
2410 1383 2607 1448 minis
2654 1403 2767 1448 seu
2808 1381 3147 1448 terroribus

1083 1491 1190 1554 vel
1231 1489 1570 1556 fallacibus
1613 1487 2143 1576 persuasionibus
2206 1487 2315 1554 vel
2358 1487 2505 1554 aliis
2556 1485 3145 1566 machinationibus

1081 1595 1390 1662 nituntur
1451 1595 1732 1680 aliquem
1797 1593 1999 1660 talem
2062 1593 2135 1658 in
2176 1593 2315 1660 loco
2366 1591 2645 1680 pastoris
2688 1593 3005 1674 collocare,
3048 1592 3149 1658 vel

1081 1699 1196 1786 qui
1283 1697 1780 1788 procurantibus
1867 1719 1989 1786 pro
2076 1697 2327 1764 viribus
2418 1697 2553 1764 suis
2640 1719 2773 1764 non
2856 1697 3147 1764 nituntur

1083 1803 1406 1870 obsistere.
1499 1803 1590 1870 Et
1635 1803 1790 1890 quia
1833 1803 2099 1870 domino
2142 1805 2281 1892 regi
2310 1807 2785 1870 sacramentum
2824 1803 3147 1870 fidelitatis

1083 1909 1524 1998 praestitimuS,
1601 1929 1718 1974 nec
1791 1907 1953 1974 satis
2028 1911 2127 1974 est
2190 1909 2253 1974 ei
2318 1907 2529 1974 fidelis
2592 1907 2705 1994 qui
2766 1909 2953 1974 famae
3024 1929 3147 1978 suae

1083 2013 1476 2078 detrimento
1543 2017 1610 2078 et
1673 2013 1906 2080 animae
1968 2035 2103 2080 suae
2176 2011 2453 2102 negligit
2526 2035 2641 2100 pro
2714 2013 2971 2080 modulo
3042 2035 3147 2078 suo

1081 2115 1344 2184 obviare
1433 2115 1752 2202 periculis,
1829 2117 2121 2184 volentes
2208 2139 2327 2206 pro
2418 2115 2681 2183 modulo
2768 2121 2987 2184 nostro
3066 2115 3147 2184 ad

1079 2219 1418 2286 fidelitatis
1473 2219 1714 2288 debitae
1781 2221 2307 2290 observationem
2368 2223 2559 2310 quale
2610 2243 2945 2312 possumus
2994 2245 3145 2310 prae-

1079 2325 1270 2390 dictis
1373 2325 1666 2390 domini
1709 2327 1880 2414 regis
1970 2325 2273 2414 periculis
2362 2327 2719 2392 remedium
2806 2349 3145 2414 procurare,

1077 2433 1312 2498 vestrae
1359 2429 1698 2496 sanctitati
1741 2431 2079 2496 referimus
2128 2431 2305 2518 quod
2346 2431 2541 2498 famae
2584 2431 2847 2498 celebris
2892 2433 3147 2498 clamore

1079 2535 1490 2622 divulgatum
1559 2535 1971 2616 audivimus3
2018 2535 2173 2622 quia
2234 2535 2291 2600 si
2334 2557 2493 2600 vera
2536 2539 2689 2600 sunt
2740 2557 2883 2622 quae
2926 2535 3151 2600 clamat

1079 2641 1268 2718 fama,
1319 2663 1436 2730 per
1495 2643 1786 2706 vestram
1847 2643 2109 2706 tantam
2172 2639 2675 2706 sollicitudinem
2748 2639 2985 2728 poterit
3044 2639 3149 2706 ad-
3186 2669 3189 2672 ⁴

751 2757 862 2838 [Phe
883 2757 1010 2838 liing
1079 2747 1288 2814 hiberi
1353 2745 1618 2812 medela.
1743 2745 1999 2812 Clamat
2082 2745 2305 2832 itaque
2380 2745 2555 2812 fama
2628 2745 2887 2812 celebris
2986 2745 3147 2832 quod

751 2843 796 2878 ¹⁸
817 2835 988 2892 “5¹³3
1001 2835 1056 2880 ‘⁶⁰
1079 2851 1380 2916 dominus
1425 2873 1544 2916 rex
1577 2847 1838 2936 jamdiu
1879 2871 2081 2938 prope
2126 2849 2535 2916 Wintoniam
2592 2873 2837 2918 moram
2882 2849 3041 2928 fecit,
3084 2853 3149 2916 et

749 2973 966 3016 convent
985 2973 1040 3016 to
1085 2955 1296 3022 adhuc
1367 2953 1540 3034 facit,
1619 2977 1766 3020 cum
1839 2955 2037 3020 minis
2112 2959 2177 3020 et
2250 2953 2625 3036 terroribUS,
2688 2959 2833 3022 tum
2906 2955 3147 3020 blandis

749 3033 882 3112 elect
899 3033 980 3082 his

749 3115 992 3152 nommee.
1079 3143 1082 3148 .

1083 3059 1432 3150 promissis,
1543 3059 1852 3148 precibus
1968 3061 2037 3124 et
2142 3059 2667 3146 persuasionibus
2770 3057 3149 3126 incessanter

1081 3167 1412 3252 temptans
1457 3163 1934 3230 Wintoniensis
1976 3163 2257 3230 ecclesiae
2302 3167 2693 3228 conventum
2722 3163 3033 3244 inducere,
3076 3167 3147 3228 ut

1083 3291 1232 3336 eum
1277 3273 1346 3336 et
1389 3289 1526 3334 non
1555 3267 1754 3334 alium
1801 3267 2003 3356 eligat
2048 3267 2171 3332 sibi
2200 3267 2275 3332 in
2318 3271 2643 3354 pastorem
2674 3273 2739 3334 et
2782 3267 3147 3354 episcopum,

1083 3395 1274 3462 quem
1361 3373 1496 3462 ipse
1587 3373 1888 3438 dominus
1978 3393 2097 3438 rex.
2184 3371 2449 3438 duxerit
2538 3373 2747 3440 eidem
2820 3371 3151 3438 conventui

1081 3477 1436 3546 nominare.
1529 3477 1718 3558 Quod
1787 3477 1840 3544 si
1907 3499 2141 3542 verum
2208 3477 2311 3558 sit,
2404 3481 2991 3566 quantumcumque
3070 3477 3151 3544 sit

1081 3605 1356 3672 persona
1403 3605 1596 3670 quam
1643 3583 1981 3650 nominare
2026 3581 2293 3648 duxerit
2320 3583 2625 3650 dominus
2668 3607 2783 3650 rex
2824 3585 3147 3672 praecipua,

1083 3711 1218 3754 non
1285 3687 1694 3754 mediocriter
1755 3689 2003 3774 regiam
2070 3693 2139 3754 et
2200 3687 2403 3754 etiam
2464 3711 2755 3776 personae
2814 3687 3149 3756 nominatae

1083 3793 1190 3860 vel
1255 3793 1676 3858 nominandae
1743 3793 1989 3858 famam
2056 3793 2359 3882 denigrat
2444 3799 2515 3858 et
2598 3793 2991 3874 dehonestat,
3088 3797 3153 3860 et

1081 3897 1362 3984 eligendi
1405 3897 1794 3978 libertatem,
1841 3919 2041 3984 quam
2102 3897 2237 3984 ipse
2304 3897 2607 3964 dominus
2670 3901 2791 3966 rex‘
2848 3899 3179 3986 praecipue·

1083 4001 1256 4068 tueri
1301 4005 1578 4082 tenetur,
1627 4001 2049 4068 vehementer
2092 4001 2385 4082 offendit,
2436 4007 2505 4068 et
2552 4001 2627 4068 in
2686 4003 2919 4070 animae
2960 4001 3151 4091 ipsius

1081 4127 1218 4170 non
1261 4107 1586 4172 modicum
1651 4105 2011 4192 periculum
2054 4107 2285 4194 vergit.
2378 4107 2613 4172 Vestra
2672 4107 2875 4196 igitur
2938 4107 3153 4174 sollici-

1081 4211 1260 4290 tud0,
1331 4231 1478 4298 quae
1545 4209 1680 4276 sola
1739 4215 1890 4298 post
1956 4209 2175 4278 Deum
2234 4211 2357 4278 hoc
2430 4217 2661 4300 potest,
2730 4213 2817 4278 ad
2886 4233 3151 4300 praesens

1079 4315 1622 4404 periclitationem
1667 4313 1856 4382 famae
1903 4319 1973 4382 et
2022 4317 2247 4382 salutis
2294 4317 2543 4384 domini
2592 4317 2763 4404 regis
2806 4323 2873 4384 et
2916 4317 3151 4384 ecclesi-

1081 4419 1302 4488 asticae
1363 4419 1690 4488 libertatis
1759 4425 1826 4484 et
1895 4419 2127 4486 salutis
2192 4419 2549 4488 multarum
2624 4423 2985 4488 animarum
3052 4423 3151 4508 pie

1079 4523 1442 4604 condolens,
1505 4523 1854 4612 praedictis,
1899 4523 1957 4590 si
2022 4545 2175 4590 vera
2238 4529 2411 4604 sunt,
2456 4525 2767 4592 festinum
2826 4531 2895 4590 et
2940 4523 3155 4590 efficax

1081 4633 1370 4716 apponat
1433 4629 1810 4708 remedium,
1887 4633 2031 4694 tam
2106 4629 2373 4696 domino
2430 4631 2585 4718 ‚regi
2674 4651 2867 4716 quam
2940 4625 3147 4692 dicto¹

1807 4779 1820 4810 ¹
1855 4779 2007 4844 dicto]
2048 4779 2221 4838 dictui,
2244 4777 2427 4832 666.
