3875 5734
1529 837 1888 888 EPIs‘roLAE.
2668 833 2797 898 163

797 1019 834 1050 “
851 1013 956 1080 Ex
1027 1013 1418 1080 auctoritate
1493 1017 1618 1082 Dei
1699 1017 1910 1082 Patris
1986 1021 2055 1082 et
2120 1017 2331 1084 beatae
2376 1017 2667 1104 Virginis
2734 1025 2803 1088 et
2828 1031 3021 1086 concil.

715 1129 748 1158 “
793 1117 1096 1184 Omnium
1129 1117 1520 1186 Sanctorum
1555 1125 1620 1186 et
1665 1121 2007 1208 praesentis
2042 1119 2331 1198 Consilii,
2364 1125 2801 1188 excommuni-
2832 1099 2993 1216 ἓξὲξ·

717 1233 752 1266 “
793 1247 1006 1292 camus
1051 1247 1274 1290 omnes
1335 1225 1484 1290 illos
1545 1225 1660 1314 qui
1727 1227 2021 1292 ecclesias
2090 1227 2409 1290 malitiose
2476 1251 2591 1292 suo
2648 1231 2799 1316 jure
2826 1207 3063 1314 wilkins.

715 1341 746 1368 “
787 1331 1040 1420 privare
1113 1335 1540 1420 praesumunt,
1619 1335 1736 1398 aut
1827 1353 1943 1418 per
2030 1330 2353 1396 malitiam
2446 1335 2799 1400 earundem
2826 1317 2857 1352 ¹⁶
2880 1319 2929 1368 1>-
2956 1309 3065 1356 ⁵85·

717 1447 746 1474 “
785 1437 1114 1502 libertates
1159 1437 1516 1522 infringere
1563 1437 1670 1502 vel
1713 1437 2097 1524 perturbare
2142 1435 2545 1500 contendunt
2578 1461 2593 1516 ;
2636 1437 2797 1504 item

715 1551 748 1580 “
789 1563 1004 1606 omnes
1049 1539 1196 1604 illos
1259 1541 1949 1606 excommunicationis
1994 1539 2327 1606 sententia
2388 1539 2793 1626 innodamUS,

717 1653 750 1686 “
793 1647 902 1732 qui
943 1669 1164 1734 pacem
1211 1649 1280 1710 et
1345 1647 1892 1732 tranquillitatem
1950 1647 2201 1710 domini
2246 1645 2421 1732 regis
2484 1651 2553 1710 et
2610 1649 2797 1734 regni

715 1761 748 1788 “
789 1749 1090 1836 injuriose
1133 1751 1520 1836 perturbare
1565 1755 1989 1838 praesumunt,
2040 1755 2111 1816 et
2154 1751 2269 1836 qui
2326 1749 2483 1836 jura
2546 1751 2801 1816 domini

681 1925 686 1928 ,
719 1865 748 1894 “
791 1857 958 1944 regis
979 1855 998 1894 ¹
1119 1855 1364 1942 injuste
1485 1857 1776 1920 detinere
1897 1857 2321 1922 contendunt.
2460 1855 2799 1920 Adicimus

715 1971 748 1998 “
791 1983 1006 2026 omnes
1049 1959 1194 2026 illos
1239 1959 1440 2026 simili
1487 1961 1812 2026 sententia
1855 1961 2191 2026 involutos
2238 1959 2353 2046 qui
2400 1959 2677 2026 scienter
2732 1965 2801 2026 et

715 2073 748 2104 “
789 2065 1136 2154 prudenter
1167 2065 1406 2130 falsum
1437 2067 1786 2154 perhibent
1817 2067 2283 2148 testimonium,
2316 2065 2427 2130 vel
2466 2065 2801 2152 perhibere

715 2179 748 2206 “
787 2175 1148 2258 procurant,
1199 2171 1306 2236 vel
1367 2169 1572 2236 etiam
1637 2171 1750 2256 qui
1813 2169 1979 2236 tales
2040 2175 2241 2236 testes
2310 2169 2589 2236 scienter
2656 2193 2799 2256 pro-

713 2283 746 2310 “
789 2275 1032 2340 ducunt
1105 2273 1216 2340 vel
1281 2275 1644 2340 subornant
1717 2277 1790 2338 in
1865 2297 2059 2340 causa
2130 2273 2611 2356 matrimoniali,
2682 2277 2799 2340 ubi

719 2385 750 2416 ‘³
789 2379 1026 2444 scilicet
1071 2379 1288 2466 agitur
1341 2383 1572 2444 contra
1637 2379 2145 2458 matrimonium,
2194 2379 2303 2444 vel
2368 2379 2453 2444 ad
2520 2379 2795 2466 alicujus

719 2491 750 2520 “
791 2481 1420 2550 exhaeredationem.2
1511 2483 1884 2550 Advocatos
1931 2505 2153 2550 omnes
2218 2505 2475 2570 quoque
2540 2505 2795 2550 excom—

717 2597 750 2622 “
791 2587 1194 2654 municamus
1239 2587 1354 2672 qui
1405 2587 1478 2652 in
1547 2587 1756 2652 causis
1819 2585 2409 2652 matrimonialibus
2472 2587 2795 2652 malitiose

717 2697 748 2724 “
789 2691 1196 2778 exceptiones
1269 2697 1616 2778 apponunt
1687 2691 1796 2756 vel
1879 2711 2205 2778 apponere
2278 2697 2645 2778 procurant,
2712 2715 2795 2756 ne

717 2801 748 2828 “
791 2795 1200 2860 matrimonia
1263 2817 1420 2860 vera
1483 2795 1782 2862 debitum
1853 2795 2217 2862 sortiantur
2278 2795 2621 2878 effectum3
2688 2795 2797 2862 vel

715 2903 750 2932 ‘⁶
789 2903 866 2964 ut
883 2899 908 2934 3
953 2903 1176 2964 contra
1211 2897 1548 2984 justitiam
1593 2919 1930 2988 processus
1990 2921 2199 2964 causae
2244 2899 2493 2964 diutius
2538 2923 2801 2988 suspen—

719 3009 756 3038 “
797 3003 1004 3068 datur.

797 3111 832 3142 ‘⁶
877 3107 1046 3172 Item
1091 3107 1730 3174 excommunicamus
1759 3129 1985 3174 omnes
2028 3109 2175 3174 illos
2220 3109 2335 3194 qui
2378 3109 2595 3196 gratia
2638 3109 2801 3174 lucri

719 3217 750 3242 “
791 3211 896 3276 vel
939 3211 1070 3276 odii
1115 3211 1220 3276 vel
1271 3211 1514 3276 favoris
1579 3211 1688 3276 1701
1753 3213 1884 3276 alia
1903 3211 1930 3246 4
1998 3233 2385 3300 quacunque
2454 3213 2533 3278 de
2610 3235 2801 3276 causa

717 3321 752 3348 ‘⁶
791 3315 980 3380 alicui
1025 3315 1344 3380 malitiose
1391 3315 1638 3380 crimen
1665 3315 2035 3402 imponunt,
2070 3339 2219 3380 cum
2262 3317 2623 3382 infamatus
2668 3339 2799 3382 non

717 3425 748 3450 “
789 3419 876 3482 sit
917 3417 1088 3504 apud
1133 3419 1338 3486 bonos
1383 3423 1454 3484 et
1499 3441 1742 3504 graves
1787 3425 1868 3484 ut
1931 3419 2025 3484 sic
2086 3421 2313 3484 saltem
2378 3423 2439 3486 01
2500 3419 2799 3506 purgatio

717 3525 752 3552 “
789 3519 1128 3600 indicatur,
1173 3521 1284 3588 vel
1327 3521 1460 3586 alio
1505 3521 1694 3586 modo
1739 3529 2065 3608 gravetur.

793 3631 834 3660 “
879 3623 1198 3690 Praeterea
1243 3647 1466 3690 omnes
1511 3625 1658 3692 illos
1719 3627 2411 3690 excommunicationis
2474 3625 2801 3690 sententia

719 3731 752 3760 “
791 3727 1168 3794 innodamus
1213 3729 1330 3814 qui
1373 3735 1654 3792 vacante
1725 3729 1989 3794 ecclesia
2050 3729 2373 3792 malitiose
2440 3731 2795 3814 apponunt,

719 3835 750 3862 “
791 3831 894 3896 vel
949 3837 1300 3918 procurant
1345 3833 1592 3918 apponi
1635 3837 2025 3918 patronatus
2088 3831 2535 3918 quaestionem,
2588 3837 2663 3894 ut
2712 3831 2801 3894 sic

715 3935 750 3964 “
789 3955 1012 3998 verum
1055 3937 1410 4022 patronum
1455 3935 1634 3998 illius
1679 3935 1959 4002 ecclesiae
2006 3935 2369 4014 collatione,
2408 3933 2635 3996 saltem
2686 3933 2801 3996 illa

717 4039 752 4068 “
789 4037 940 4118 vice,
1019 4035 1418 4104 defraudent.
1543 4037 2201 4104 Excommunicamus
2286 4037 2489 4102 etiam
2578 4059 2801 4102 omnes

713 4143 750 4172 ‘³
789 4139 930 4206 illos
973 4139 1086 4226 qui
1131 4141 1346 4226 gratia
1387 4139 1554 4204 lucri
1589 4141 1698 4206 vel
1757 4141 1888 4206 odii
1931 4139 2037 4206 vel
2106 4139 2301 4204 aliter
2368 4143 2799 4204 contemnunt

717 4367 748 4374 ἦ
863 4371 878 4376 ,.
957 4371 966 4374 .
1005 4371 1040 4374 ..-
1097 4371 1106 4374 .
1117 4371 1184 4374 ---.
1209 4371 1214 4374 .
1225 4371 1252 4374 ....
1291 4371 1308 4374 -.
1331 4373 1340 4376 ,,
1367 4371 1392 4374 ....
1403 4371 1480 4376 -.-.,.
1523 4371 1542 4376 ...
1555 4371 1658 4376 m---
1669 4371 1826 4376 ,---.-....
1841 4371 1846 4374 .
1875 4371 1910 4374 -
1966 4371 1969 4374 .
2012 4371 2029 4374 -
2042 4371 2065 4374 .-
2082 4371 2139 4374 ...—
2150 4371 2155 4374 .
2170 4371 2233 4374 ..-.
2258 4371 2269 4374 ..
2282 4371 2791 4376 ——.—.—-.—.—...,

779 4527 788 4556 ¹
823 4537 870 4578 et
887 4529 1022 4594 regni
1053 4563 1064 4576 .
1093 4563 1104 4576 .
1139 4527 1292 4592 reyis]
1331 4541 1430 4576 om.
1457 4525 1562 4576 sid.
1745 4529 1756 4562 ¹
1865 4525 1886 4552 ‘³
1917 4523 1995 4590 ut]
2030 4539 2127 4572 om.
2152 4525 2259 4584 Sid,

771 4607 788 4636 ²
813 4605 1256 4670 exhaeredationem]
1273 4605 1698 4662 hereditationem,
1867 4605 1886 4632 ⁴
1919 4601 2051 4668 alia]
2090 4605 2273 4668 aliqua,
2298 4603 2477 4656 0.0.c.

719 4683 886 4740 O.c.c.

2400 4755 2527 4814 122
