3875 5734
1611 789 1967 846 EPISTOLAE.
2706 783 2829 846 151

767 997 892 1040 non
933 973 1348 1062 negligenter,
1397 993 1516 1038 nec
1547 969 2049 1060 fraudulenter,
2116 973 2227 1038 sed
2272 975 2633 1062 diligenter,
2676 973 2835 1038 fide-

767 1079 922 1158 liter,
1001 1083 1064 1144 et
1151 1081 1508 1168 prudenter
1599 1077 1688 1142 sic
1761 1101 2049 1164 peragas
2130 1083 2223 1156 ut,
2292 1079 2835 1164 quemadmodum

767 1185 992 1252 Paulus
1037 1185 1130 1250 ait
1175 1187 1260 1250 ad
1325 1183 1754 1262 Timotheum,
1819 1205 2017 1248 nemo
2064 1183 2579 1248 adolescentiam
2642 1191 2839 1250 tuam
2870 1207 2889 1250 1
2922 1205 3051 1254 Tim.
3078 1203 3141 1252 iv.

767 1295 1144 1356 contemnat.
1237 1289 1482 1354 Valete.
2870 1275 2943 1322 12·

1727 1503 1878 1570 LII.

765 1649 1132 1718 Reverendo
1153 1649 1172 1686 ¹
1205 1651 1292 1716 in
1317 1649 1578 1718 Christo
1619 1647 1832 1734 patri,
1875 1647 2127 1714 Othoni
2160 1647 2293 1714 Dei
2332 1647 2569 1734 yratia
2600 1647 2843 1716 Sancti
2942 1663 3105 1710 1238?

929 1755 1004 1822 N
999 1755 1246 1822 icholai
1311 1755 1398 1822 isa
1441 1777 1690 1820 carcere
1741 1751 2067 1820 Talei-ano
2112 1751 2397 1818 diacono
2468 1753 2841 1838 cardinali,

931 1861 1304 1948 apostolicoe
1415 1859 1592 1926 sedis
1681 1857 1892 1944 leyato
1984 1857 2307 1926 Robertus
2406 1857 2845 1926 miserat-ione

931 1965 1174 2032 divina
1233 1963 1744 2030 Lincolnicnsvls
1811 1963 2089 2030 ecclesie&
2152 1961 2475 2028 minister
2536 1963 2839 2046 Itum-ilia

929 2069 1228 2148 salutem,
1277 2077 1336 2136 et
1381 2091 1588 2156 quam
1637 2067 1930 2134 debitam
1986 2075 2129 2134 tam
2190 2067 2493 2136 devotam
2538 2067 2841 2136 obedien-

933 2175 1104 2240 tiam
1149 2183 1208 2242 et
1253 2173 1710 2240 reverentiam.

847 2313 1222 2380 Sanctitatis
1285 2319 1522 2380 vestrae
1595 2313 1818 2376 literas
1887 2313 2245 2400 recepimus
2310 2313 2385 2376 in
2452 2313 2659 2380 forma
2728 2319 2835 2382 de·
2868 2355 2965 2408 His
2990 2373 3127 2408 seru.

763 2417 1112 2504 precatoria
1183 2423 1262 2482 ut
1325 2417 1644 2484 Thomam
1707 2415 2027 2496 clericum,
2090 2421 2323 2478 natum
2400 2415 2637 2484 nobilis
2712 2421 2843 2484 viri
2868 2427 2971 2488 ples
2994 2427 3143 2508 about

763 2521 1002 2586 comitis
1047 2523 1124 2586 de
1171 2521 1458 2602 Ferrare,
1509 2523 1662 2586 licet
1709 2521 1794 2586 ad
1841 2521 2277 2586 obtinendum
2334 2519 2839 2590 ecclesiasticum
2868 2509 2963 2610 {²12³}
2966 2509 3159 2616 {22¹2}

763 2625 1134 2690 beneficium
1199 2627 1416 2712 quoad
1461 2631 1730 2692 aetatem
1783 2623 2109 2690 defectum
2176 2625 2463 2710 aliquem
2528 2627 2841 2710 patiatur,
2868 2631 2973 2680 earl

983 2729 996 2742 .
1103 2729 1118 2742 .
1381 2731 1394 2742 .
1625 2727 1636 2740 .
1697 2727 1708 2738 .
2098 2727 2109 2742 .
2484 2727 2497 2740 .
2868 2697 3069 2752 Fen-ers
3086 2709 3177 2752 toa

765 2751 876 2796 nec
947 2733 1034 2794 sit
1097 2751 1172 2794 111
1235 2751 1430 2796 sacris
1501 2727 1840 2794 ordinibus
1903 2731 2321 2808 constltutUS,
2390 2751 2545 2814 qula
2622 2737 2845 2800 tamen
2868 2765 3099 2830 benefice,
3124 2785 3177 2820 as

765 2831 1046 2898 docibilis
1121 2839 1236 2910 est,
1315 2841 1386 2898 et
1457 2833 1718 2910 nobilis,
1795 2835 1864 2898 et
1925 2855 2045 2918 per
2122 2855 2271 2896 eum
2362 2831 2487 2898 toti
2564 2839 2841 2904 ecclesiae
2870 2831 2997 2884 heis
3018 2847 3101 2888 ‘00

771 2937 1136 3024 Anglicanae
1187 2939 1400 3002 multa
1463 2937 1658 3014 bona,
1709 2937 1908 3000 dante
1980 2935 2281 3016 Domine,
2330 2941 2643 3022 poterunt
2704 2965 2847 3028 per-
2870 2915 3039 3020 {2325
3042 2909 3175 3040 ’1333

767 3043 994 3122 venire,
1043 3043 1122 3108 ad
1157 3043 1490 3108 ecclesiam
1539 3039 1618 3106 de
1667 3039 1928 3106 Randes
1950 3055 1983 3086 a
2026 3039 2541 3106 admitteremus,
2634 3045 2847 3112 Novit
2874 3039 3087 3136 orders..

769 3147 936 3210 Deus
981 3147 1154 3234 quod
1219 3153 1462 3212 sanctae
1523 3147 1945 3232 paternitatis
1992 3151 2227 3210 vestrae
2272 3167 2491 3232 preces
2536 3153 2603 3214 et
2666 3173 2847 3216 man-
2872 3119 3129 3240 {fflffinff

767 3249 914 3316 data
1023 3251 1500 3338 promptissime
1607 3253 1676 3312 et
1779 3249 2307 3314 obedientissime
2412 3249 2847 3320 desideramus
2872 3253 3019 3306 shira

767 3353 992 3420 effectu
1049 3355 1406 3440 complere3
1451 3375 1784 3438 speramus
1853 3351 2055 3416 etiam
2120 3353 2293 3438 quod
2358 3353 2653 3440 precibus
2712 3381 2847 3422 non

767 3457 1112 3522 hortamini
1185 3479 1400 3540 neque
1475 3453 1790 3520 mandato
1865 3455 2223 3542 praecipitis
2298 3453 2475 3542 quod
2552 3465 2847 3524 nostram

767 3559 1166 3646 aliquatenus
1265 3561 1596 3624 remordet
1697 3557 2205 3638 conscientiam;
2292 3557 2421 3636 sed,
2502 3563 2577 3624 ut
2652 3563 2843 3628 novit

769 3669 992 3728 vestrae
1037 3663 1406 3728 sanctitatis
1469 3663 1790 3738 discretiO,
1839 3663 2015 3746 quod
2058 3661 2515 3748 sapientiorem
2584 3669 2651 3728 et
2718 3667 2845 3728 fer-

767 3765 1120 3830 ventiorem
1163 3787 1298 3830 non
1343 3765 1684 3844 remordet,
1733 3765 2115 3852 plerumque
2166 3765 2493 3828 remordet
2554 3765 2839 3832 timidio-

767 3891 932 3950 rem3
977 3891 1050 3934 ac
1115 3891 1232 3954 per
1289 3871 1428 3960 hoc,
1479 3867 1656 3954 quod
1721 3873 1941 3954 potest
2004 3867 2349 3954 perfectior
2410 3889 2561 3930 sane
2616 3869 2839 3948 facere,

767 3993 896 4038 non
959 3975 1172 4058 potest
1247 3973 1410 4038 illud
1473 3971 1646 4038 idem
1719 3969 2175 4056 imperfectior,
2254 3969 2385 4032 nisi
2446 3973 2843 4038 cauteriatus

767 4081 1160 4164 attemptare.
1213 4077 1386 4156 Quia
1427 4077 1634 4164 igitur
1663 4095 1748 4138 ex
1775 4077 1999 4138 nostra
2024 4071 2507 4158 imperfectione
2538 4073 2843 4142 timidam

767 4181 1068 4246 habemus
1113 4181 1592 4258 conscientiam,
1643 4181 1710 4242 et
1769 4179 2053 4240 maxime
2122 4177 2195 4240 in
2256 4177 2713 4244 constituendo
2774 4185 2845 4244 et

767 4281 1162 4348 instituendo
1213 4287 1504 4368 pastores
1549 4281 1934 4360 animarum,
1982 4279 2329 4366 praefatum
2376 4281 2705 4360 Thomam,
2768 4281 2843 4346 in

767 4389 940 4452 statu
987 4407 1112 4470 quo
1157 4385 1370 4450 adhuc
1415 4389 1514 4452 est
1571 4383 1981 4462 existentem,
2044 4405 2179 4448 non
2226 4383 2553 4462 audemus,
2600 4407 2841 4450 remor-

769 4491 954 4556 dente
1041 4511 1160 4554 nos
1249 4489 1642 4554 conscientia
1747 4493 1977 4552 nostra
2076 4489 2335 4566 timida,
2428 4489 2511 4552 ad
2620 4509 2841 4554 curam

829 4641 1026 4648 ..Ἦ
2716 4639 2847 4644 ω

1289 4641 1544 4648 ,--..---.,
1567 4641 1596 4644 ...
1609 4641 1764 4644 --.
1777 4639 1822 4644 -

1323 4725 1342 4756 ¹
1375 4723 1678 4788 Reverendo]
1721 4723 2043 4786 Venerand0‚
2070 4723 2249 4776 C.C.C.
