3875 5734
1533 891 1894 942 EPISTOLAE.
2628 881 2757 946 229

679 1061 878 1134 natus
915 1069 982 1134 et
1031 1059 1184 1154 jure
1241 1067 1702 1154 praesentandi.
1801 1071 1894 1134 Et
1954 1069 2123 1134 forte
2196 1071 2463 1156 insuper
2510 1071 2583 1134 in
2634 1089 2763 1136 usu

677 1169 1040 1260 hujusmodi
1087 1167 1262 1256 juris
1305 1169 1658 1256 hucusque,
1707 1171 2031 1250 videlicet,
2078 1175 2157 1236 ut
2206 1177 2557 1260 postquam
2624 1173 2761 1256 epi-

681 1299 896 1362 scopus
941 1275 1222 1360 suscepit
1267 1275 1656 1340 mandatum
1699 1275 1971 1362 regium,
2004 1273 2181 1360 quod
2224 1273 2377 1338 talis
2412 1275 2613 1338 evicit
2650 1273 2761 1356 jus

681 1381 1066 1468 patronatus,
1099 1377 1156 1440 is
1193 1377 1310 1464 qui
1353 1381 1790 1462 praesentatus
1827 1379 1928 1440 est
1974 1375 2059 1440 ab
2102 1395 2181 1440 60
2224 1375 2339 1460 qui
2384 1375 2583 1440 evicit
2628 1397 2763 1440 non

677 1487 996 1548 recusetur
1055 1481 1138 1544 ab
1203 1481 1514 1566 episcopo,
1581 1479 1770 1564 quasi
1835 1483 2269 1566 praesentatus
2328 1499 2371 1542 a
2430 1497 2565 1542 non
2606 1499 2763 1542 vero

677 1589 956 1674 patrono,
1043 1583 1404 1670 Episcopus
1447 1585 1672 1646 autem
1715 1581 2073 1646 recusando
2130 1579 2415 1666 aliquem
2478 1601 2763 1668 praesen-

679 1693 884 1754 tatum
929 1685 1010 1752 ab
1057 1709 1130 1752 eo
1193 1687 1298 1752 cui
1347 1685 1464 1770 jus
1529 1689 1914 1772 patronatus
1980 1683 2425 1770 adjudicatum
2444 1683 2465 1722 ¹
2516 1687 2631 1764 est,
2680 1685 2763 1750 ob

679 1791 860 1854 aliam
907 1787 1202 1868 causam‘2‚
1249 1809 1386 1854 non
1431 1789 1648 1854 aufert
1693 1787 1943 1874 aliquid
2004 1787 2431 1874 praesentanti
2476 1787 2561 1852 de
2612 1785 2765 1872 jure

679 1899 1050 1982 patronatus
1093 1893 1202 1960 vel
1235 1893 1388 1978 jure
1433 1893 1894 1980 praesentandi,
1942 1913 2063 1958 nec
2128 1893 2199 1956 in
2268 1893 2491 1980 aliquo
2538 1893 2763 1962 obviat

677 1999 764 2062 rei
797 1995 1104 2081 judicatae
1147 1997 1222 2058 in
1265 1995 1406 2060 foro
1459 1995 1750 2060 seculari.
1841 1995 2175 2062 Recusant
2236 1995 2415 2062 enim
2480 1997 2765 2084 episcopi

677 2099 1006 2162 illiteratos
1051 2103 1118 2162 et
1163 2097 1542 2184 illegitimos
1609 2103 1680 2162 et
1723 2097 1892 2164 male
1937 2099 2363 2184 morigeratos
2406 2121 2559 2164 cum
2600 2123 2765 2186 pree-

679 2205 1006 2266 sentantur
1067 2223 1106 2264 a
1149 2201 1322 2266 veris
1381 2199 1696 2288 patronis,
1759 2201 2017 2270 nullum
2084 2223 2201 2288 per
2264 2201 2387 2268 hoc
2450 2203 2763 2268 facientes

681 2303 1114 2390 praejudicium
1183 2303 1340 2392 ipsis
1409 2303 1744 2392 patronis3
1811 2303 2115 2370 similiter
2178 2305 2319 2370 sine
2384 2305 2763 2392 praejudicio

679 2409 1086 2494 patronorum
1127 2411 1436 2472 recusant
1477 2411 1904 2496 praesentatos
1950 2429 1991 2472 a
2036 2405 2207 2472 veris
2252 2409 2565 2494 patroniS,
2614 2429 2763 2472 cum

681 2509 948 2574 ecclesiae
1019 2509 1106 2574 ad
1181 2531 1338 2594 quas
1401 2513 1810 2594 praesentant
1873 2531 2007 2574 non
2084 2513 2343 2574 vacant.
2436 2511 2501 2574 A
2564 2511 2761 2574 simili

679 2613 872 2698 igitur
915 2633 1060 2678 cum
1127 2611 1520 2676 auctoritate
1589 2611 1868 2678 Concilii
1931 2611 2169 2678 collata
2232 2613 2319 2676 sit
2364 2611 2649 2690 ecclesia,
2694 2617 2763 2678 et

679 2715 768 2778 ita
809 2735 940 2778 non
997 2717 1204 2790 vacet,
1251 2715 1510 2778 nullum
1555 2721 1910 2800 generatur
1972 2715 2421 2800 praejudicium
2486 2723 2763 2798 patrono

679 2815 1118 2902 praesentandi,
1165 2817 1224 2880 si
1265 2821 1604 2880 recusetur
1645 2819 2083 2904 praesentatus
2150 2815 2233 2880 ab
2296 2817 2439 2902 ipso
2502 2815 2589 2880 ad
2634 2839 2769 2880 non

679 2923 1006 2984 vacantem
1049 2919 1398 2984 ecclesiam.
1493 2919 1664 2986 Cum
1709 2923 1932 2984 autem
1962 2919 2037 2982 in
2080 2919 2259 2982 curia
2286 2919 2457 3006 regis
2498 2919 2769 2984 evicerit

679 3021 814 3108 quis
847 3021 956 3108 jus
983 3027 1384 3108 patronatuS,
1419 3026 1490 3088 et
1519 3021 1826 3088 dominus
1859 3045 1981 3088 rex
2026 3021 2253 3086 scribit
2300 3021 2595 3108 episcopo
2640 3021 2767 3086 loci

679 3125 794 3190 sub
859 3123 980 3190 hac
1051 3125 1306 3190 forma:
1375 3131 1412 3158 “
1437 3123 1832 3188 Mandamus
1895 3123 2085 3188 vobis
2154 3125 2327 3210 quod
2394 3125 2767 3188 admittatis

681 3233 716 3260 “
755 3227 1046 3292 idoneam
1091 3249 1430 3312 personam
1477 3227 1562 3290 ad
1621 3227 1824 3293 talem
1871 3225 2223 3306 ecclesiam,
2268 3225 2353 3290 ad
2416 3231 2741 3314 praesenta

683 3335 714 3364 “
753 3331 992 3396 tionem
1051 3331 1256 3396 talem
1319 3351 1456 3394 non
1523 3327 1832 3394 obstante
1891 3329 2355 3394 reclamatione
2406 3329 2767 3394 adversarii

679 3433 774 3496 sui
789 3431 836 3512 ;'’
881 3453 994 3518 per
1059 3433 1442 3518 hujusmodi
1485 3433 1878 3496 mandatum
1946 3433 2199 3516 regium
2242 3433 2331 3498 ad
2372 3433 2545 3496 nihil
2586 3433 2767 3496 aliud

679 3539 932 3598 tenetur
957 3533 1308 3620 episcopuS,
1327 3535 1458 3598 nisi
1487 3537 1568 3598 ut
1591 3533 1674 3598 de
1705 3537 1938 3600 caetero
1964 3533 2201 3600 habeat
2228 3535 2429 3600 talem
2456 3555 2577 3620 pro
2608 3555 2767 3600 vero

679 3641 940 3722 patrono
977 3635 1130 3702 talis
1171 3635 1476 3714 ecclesiae,
1511 3657 1646 3700 non
1691 3637 1997 3702 obstante
2036 3637 2391 3702 adversarii
2428 3637 2531 3702 sui
2572 3637 2769 3702 recla-

681 3739 952 3804 matione
979 3763 996 3818 ;
1039 3759 1156 3804 nec
1201 3741 1456 3804 recuset
1485 3745 1959 3824 praesentatum
2004 3761 2045 3804 a
2090 3739 2209 3804 tali
2254 3741 2439 3824 quasi
2484 3761 2765 3824 praesen-
2852 3823 2855 3826 ῃ

679 3843 884 3904 tatum
913 3861 956 3904 a
981 3861 1114 3906 non
1143 3861 1298 3906 vero
1329 3845 1624 3928 patrono.
1717 3841 1874 3906 Non
1921 3843 2097 3906 enim
2136 3843 2355 3928 potest
2398 3863 2519 3906 rex
2548 3841 2767 3928 injun-

679 3965 820 4030 gere
863 3943 1154 4032 episcopo
1201 3949 1280 4008 ut
1307 3945 1508 4010 faciat
1535 3945 1642 4008 vel
1681 3965 1820 4010 non
1847 3945 2049 4008 faciat
2080 3945 2361 4010 officium
2406 3943 2765 4032 episcopale

681 4049 742 4110 et
783 4045 1080 4130 spiritale.
1173 4045 1464 4132 Ideoque
1511 4069 1652 4112 non
1681 4051 1902 4134 potest
1948 4047 2289 4132 injungere
2332 4053 2411 4110 ut
2454 4047 2769 4110 instituat

679 4147 776 4212 vel
815 4167 948 4212 non
989 4147 1300 4212 instituat
1343 4149 1416 4212 in
1461 4149 1778 4230 ecclesiaS,
1827 4155 1896 4214 et
1940 4171 2125 4216 curas
2184 4149 2551 4212 animarum
2596 4169 2768 4216 com-

679 4249 890 4314 mittat
935 4249 1042 4314 vel
1085 4271 1218 4314 non
1265 4251 1654 4332 committat,
1703 4251 1874 4318 sicut
1937 4251 2287 4340 praecipere
2350 4275 2485 4316 non
2546 4257 2769 4338 potest

679 4357 750 4416 ut
791 4351 1116 4438 episcopus
1163 4341 1446 4420 celebret
1487 4353 1598 4418 vel
1643 4377 1782 4422 non
1827 4354 2107 4422 celebret
2154 4355 2429 4432 ordines,
2478 4355 2587 4420 vel
2618 4357 2769 4422 con-

679 4453 848 4520 ficiat
891 4453 1168 4518 chrisma
1211 4455 1320 4522 vel
1363 4455 1712 4524 confirmet
1753 4457 2103 4544 parvulos3
2148 4477 2265 4520 nec
2310 4455 2529 4542 aliquo
2574 4459 2769 4524 modo

683 4647 1955 4656 -ᾞἫμ

743 4761 756 4794 ¹
789 4761 1136 4830 adjudicatum]
1173 4759 1504 4830 adjudicatur,
1527 4761 1682 4814 MSS.
1713 4757 1726 4830 Ι
1835 4761 1856 4792 ²
1885 4759 2111 4828 causam]
2150 4773 2247 4812 om.
2274 4757 2487 4826 c.o.02.
