3875 5734
1057 795 1190 864 432
1707 803 1995 858 ROBERTI
2040 803 2495 858 oRossansrn

1903 1171 2289 1242 CXXVIII.

803 1409 944 1458 1253,
1055 1379 1376 1448 Robcrtns
1407 1379 1912 1448 Lincolnicnsie
1944 1381 2319 1470 Episcopus
2362 1377 2691 1464 mayiet‘ro
2736 1377 3131 1446 Innocentio

1319 1485 1600 1554 domino
1645 1485 1856 1574 Papoe
1901 1485 2181 1552 salntem
2224 1491 2287 1550 ct
2328 1481 2893 1552 benedictionem.¹

725 1683 1010 1818 geglrffitses
1141 1677 1210 1746 N
1211 1679 1426 1746 overit
1483 1679 1784 1746 discretio
1839 1681 2073 1758 vestra,
2136 1677 2309 1766 quod
2364 1679 2693 1746 mandatis
2748 1679 3131 1768 Apostolicis

725 1821 810 1870 the
829 1821 1010 1886 Pope’s
1055 1783 1396 1848 affectione
1455 1783 1640 1848 filiali
1703 1783 1971 1850 omnino
2032 1783 2265 1848 devote
2328 1787 2397 1848 et
2438 1789 2813 1850 reverenter
2868 1785 3129 1866 obedi03

1121 2115 1138 2146 ¹
1173 2115 1298 2166 This
1331 2115 1478 2166 letter
1513 2115 1560 2166 is
1589 2115 1788 2180 usually
1805 2117 2047 2182 preceded
2136 2121 2333 2164 sentatae
2352 2113 2551 2178 fuerint,
2586 2113 2809 2180 alioquin
2840 2121 2949 2178 post
2984 2129 3127 2164 vaca·

1057 2197 1124 2262 by
1147 2193 1232 2244 the
1253 2193 1514 2262 following
1537 2217 1620 2248 :-—
2130 2199 2295 2244 turam
2346 2193 2691 2244 conferendam
2740 2193 2835 2244 sibi
2880 2193 3127 2244 donationi

1055 2301 1310 2364 RobertnS,
1331 2301 1440 2352 Dei
1451 2303 1760 2366 permissione
1781 2301 2043 2352 Lincolnioe

1187 2383 1454 2448 episcopm,
1495 2379 1844 2432 Cantauriensi
1865 2381 2045 2432 Archi·

1159 2461 1386 2514 -diacono
1421 2469 1466 2514 et
1507 2463 1732 2530 magistro
1767 2463 2043 2514 Innocentio

1185 2543 1390 2594 Domini
1421 2541 1574 2610 Papae
1621 2543 1876 2610 Scriptori‚
1909 2541 2043 2596 salu-

1187 2633 1276 2676 tem
1295 2633 1342 2676 et
1361 2625 1736 2676 benedictionem.

1119 2765 1466 2818 Intelleximus
1487 2781 1576 2818 vos
1607 2765 1804 2818 literam
1835 2765 2041 2816 Domini

1055 2847 1206 2912 Papae
1229 2847 1486 2910 recepisse,
1507 2847 1562 2896 in
1583 2847 1692 2898 haec
1715 2847 1866 2896 verba
1891 2867 1977 2898 2-—

1051 2967 1262 3018 Dilectic
1283 2967 1410 3032 filiis
1431 2965 1786 3018 Archidiacono
1819 2967 2043 3018 Cantica·

1181 3049 1332 3098 riensi
1385 3053 1432 3096 et
1485 3047 1710 3114 maqistro
1763 3045 2043 3096 Innocentio

1187 3127 1430 3192 Scriptori
1451 3135 1610 3178 nostro
1643 3129 1694 3176 in
1715 3125 1900 3192 Anqlia
1921 3143 2043 3176 com-

1181 3207 1406 3266 moranti,
1427 3205 1628 3258 salntem
1649 3213 1698 3258 ct
1715 3205 2043 3274 Apostolicam

1181 3287 1560 3340 benedictionem·

2132 2275 2435 2344 Apostolieae
2452 2271 2777 2324 reservaverit
2798 2293 2811 2324 :
2832 2275 3127 2324 decernendo

2130 2351 2327 2404 irritum
2348 2359 2397 2402 et
2416 2353 2583 2414 inane,
2606 2353 2769 2420 siquid
2790 2357 2851 2406 de
2870 2355 3127 2420 praebenda

2130 2433 2413 2500 hujusmodi
2444 2449 2475 2484 a
2508 2449 2757 2500 quoquam
2796 2433 2943 2484 fuerit
2972 2439 3123 2484 atten-

2128 2519 2319 2574 tatnm3
2354 2529 2549 2562 necnon
2580 2523 2631 2564 et
2662 2515 2717 2562 in
2750 2515 3119 2564 contradictores

2128 2601 2175 2644 et
2202 2593 2407 2646 rebelles
2448 2593 2971 2644 excommunicationis
3014 2609 3121 2644 sen-

2128 2673 2327 2724 tentiam
2382 2671 2709 2724 nihilominus
2762 2673 3125 2750 promulgandO‚

2130 2761 2273 2820 prout
2316 2753 2375 2804 in
2406 2751 2561 2804 literis
2604 2753 2823 2818 ejusdem
2862 2753 3123 2806 cardinalis

2126 2833 2305 2886 exinde
2334 2833 2571 2886 confectis
2602 2833 2793 2898 plenius
2826 2835 3123 2886 continetur:

2128 2913 2235 2964 Nos
2256 2911 2413 2978 ipsius
2426 2913 2677 2964 Frederici
2688 2913 2879 2964 devotis
2900 2913 3123 2978 precibus

2130 2991 2371 3054 inclinati,
2394 2993 2527 3058 quod
2558 2993 2623 3042 ab
2662 2993 2831 3042 eodem
2880 2991 3125 3044 cardinale

2132 3087 2277 3138 super
2288 3075 2387 3126 hoc
2400 3073 2583 3122 factum
2598 3079 2685 3134 est,
2700 3081 2861 3124 ratum
2874 3079 2921 3122 et
2936 3079 3125 3138 gratum

2130 3153 2377 3216 habentes,
2408 3153 2539 3204 illud
2580 3153 2865 3204 auctoritate
2910 3153 3123 3218 Aposto-

2132 3233 2231 3282 lica
2262 3233 2497 3284 duximus
2520 3233 2923 3284 confirmandum.
2990 3233 3123 3296 Quo-

2132 3311 2265 3364 circa
2276 3313 2561 3364 discretioni
2568 3321 2739 3366 vestrae
2748 3313 3125 3378 perApostolica

709 3399 880 3452 Ietter
899 3403 958 3454 of
1117 3393 1248 3446 Cum
1277 3395 1490 3446 dilectus
1535 3393 1664 3444 filius
1713 3399 1884 3446 noster
1935 3393 2049 3446 Gu-
2132 3393 2313 3460 scripta
2360 3395 2669 3456 mandamm,
2716 3393 2947 3460 quatinus
2996 3409 3117 3444 eun-

707 3469 846 3534 -Pope
863 3471 948 3522 In·
1049 3477 1244 3528 lielmus
1279 3475 1454 3528 Sancti
1499 3473 1764 3526 Eustachii
1805 3475 2045 3528 diaconus
2132 3475 2245 3524 dem
2280 3473 2599 3524 Fredericum
2642 3475 2721 3526 vel
2766 3481 3123 3540 procuratorem

707 3545 894 3588 nocent
907 3537 1022 3600 IV„
1049 3553 1316 3604 cardinalis
1349 3553 1534 3604 dilecto
1555 3551 1664 3602 filio
1691 3551 1959 3602 Frederico
1982 3555 2045 3604 de

873 3605 886 3618 ,
2132 3571 2279 3606 suum
2324 3555 2429 3618 ejus
2474 3555 2675 3606 nomine
2724 3553 2779 3606 in
2826 3561 3123 3620 corporalem

709 3611 764 3654 ¹³⁰
785 3605 954 3656 Whmh
1045 3633 1286 3696 Laronia,
1347 3633 1548 3690 clerico,
1623 3633 1794 3698 nepoti
1857 3639 2043 3694 nostr0,

2130 3633 2489 3700 possessionem
2532 3633 2879 3698 praedietorum
2918 3635 3121 3686 canoni-

707 3671 974 3790 }lslngove
1045 3715 1106 3766 de
1163 3713 1364 3780 speciali
1419 3715 1652 3764 mandato
1689 3721 1862 3764 nostro
1895 3729 2043 3764 cano-
2132 3721 2269 3766 catus
2330 3723 2379 3766 et
2474 3717 2765 3780 praebendae,
2848 3717 3127 3766 auctoritate

711 3819 920 3858 answer·
1043 3789 1266 3840 nicatum
1295 3789 1574 3840 Lincolniae
1595 3805 1712 3840 cum
1739 3789 2045 3854 plenitudine
2130 3797 2297 3840 nostra
2328 3789 2593 3854 inducatiS,
2636 3795 2683 3840 et
2728 3789 2997 3842 defendatis
3042 3791 3121 3840 in-

1035 3871 1168 3936 juris
1187 3871 1428 3922 canonice
1449 3871 1648 3922 duxerit
1679 3871 2043 3930 eonferendum,

1041 3951 1208 4018 ipsum
1213 3967 1304 4018 per
1313 3967 1460 4002 suum
1473 3953 1712 4002 annulum
1725 3951 2045 4016 corporaliter

1043 4041 1094 4084 et
1125 4029 1508 4098 praesentialiter
1553 4031 1822 4082 investiens
1857 4033 1920 4082 de
1958 4047 2043 4080 eo-

1043 4111 1172 4170 dem,
1191 4115 1250 4158 ut
1279 4113 1466 4158 extunc
1479 4107 1748 4158 canonicus
1769 4107 2043 4158 Lincolniae

1043 4189 1242 4252 existat,
1289 4195 1340 4240 et
1387 4187 1594 4254 plenum
1635 4203 1816 4238 nomen
1863 4193 1912 4238 et
1960 4185 2043 4252 jus

1043 4267 1270 4318 canonici
1323 4275 1652 4332 consequatur
1715 4265 1916 4328 ibidem,
1986 4281 2043 4316 ac

1041 4347 1376 4412 praebendam,
1391 4347 1536 4412 siqua
1547 4345 1802 4396 vacaverit
1817 4345 1874 4396 in
1889 4348 2045 4398 ecele-

1043 4425 1120 4476 sia
1139 4425 1418 4476 Lincolniae
1443 4441 1476 4476 a
1493 4431 1714 4492 tempore
1735 4441 1832 4492 quo
1855 4427 2043 4478 dudum

1043 4509 1204 4560 literae
1235 4517 1418 4560 nostrae
1467 4525 1616 4576 super
1655 4509 1936 4574 receptione
1986 4525 2043 4560 ac

1043 4587 1324 4654 provisione
1367 4589 1598 4640 facienda
1643 4587 1740 4640 sibi
1785 4589 1840 4638 in
1877 4591 2045 4640 eadem

1045 4665 1256 4720 ecclesia
1267 4669 1328 4720 (le
1337 4669 1610 4734 praemissis
1621 4669 1888 4720 venerabili
1901 4669 2043 4720 fratri

1043 4755 1214 4800 nostro
1257 4747 1490 4816 episcopo
1535 4747 1880 4800 Lincolniensi
1915 4763 2043 4816 prae-

2132 3873 2349 3932 ductum,
2398 3869 2775 3922 contradictores
2820 3887 2907 3936 per
2948 3887 3121 3924 censu-

2130 3969 2241 4002 ram
2326 3951 2725 4014 ecclesiasticam,
2808 3951 3123 4018 appellatione

2130 4033 2413 4098 postposita,
2448 4033 2833 4098 compescendo:
2886 4047 2987 4084 non
3030 4033 3119 4084 ob·-

2134 4113 2373 4164 stantibus
2406 4113 2655 4180 aliquibus
2692 4113 3121 4164 consuetudinibus

2130 4193 2211 4242 vel
2266 4191 2475 4254 statutis,
2532 4191 2823 4256 juramentis
2874 4193 2953 4244 vel
3006 4209 3121 4244 con·

2130 4271 2495 4324 firmationibus
2526 4273 2655 4322 sedis
2698 4273 3003 4338 Apostolicae
3032 4287 3121 4324 seu

2132 4367 2423 4416 quacunque
2454 4351 2557 4402 alia
2586 4353 2817 4404 firmitate
2848 4351 3117 4416 roboratis;

2132 4433 2211 4482 vel
2244 4433 2379 4500 quod
2406 4431 2571 4482 dictus
2590 4431 2881 4482 Fredericus
2910 4445 3121 4498 praesens

2132 4527 2235 4560 non
2286 4509 2439 4560 fuerit
2494 4511 2561 4560 ad
2612 4511 2945 4574 praestandum
2984 4509 3119 4574 jura-

2132 4597 2355 4640 mentum
2396 4591 2459 4640 de
2508 4589 2823 4640 observandis
2868 4593 3121 4640 consuetu.

2132 4669 2335 4720 dinibus
2350 4669 2571 4733 ejusdem
2584 4669 2803 4720 ecclesiae
2818 4673 3123 4732 consuetum

2134 4749 2243 4802 sive
2274 4749 2317 4800 si
2352 4749 2583 4816 episcopo
2620 4749 2825 4814 praefato
2856 4749 2939 4800 vel
2990 4749 3123 4810 capi-
