3875 5734
1641 859 1995 910 EPISTOLAE.
2456 939 2463 946 ·
2730 861 2853 920 2421.

1667 1303 1973 1370 LXXIV.

773 1479 1148 1554 Reverendo
1183 1479 1384 1568 patri
1433 1481 1522 1548 in
1557 1481 1820 1550 Christo
1865 1481 2137 1560 Othoni,
2184 1481 2319 1548 Dei
2344 1481 2577 1566 ,qratia
2614 1481 2861 1548 'Sancti
2964 1491 3125 1540 1239?

943 1583 1220 1650 Nicolai
1259 1583 1348 1650 ‘in
1397 1583 1670 1652 Camere
1737 1585 2065 1650 Tulliano
2130 1583 2421 1650 diacono
2484 1583 2857 1664 cardinali,

941 1687 1340 1776 Apostolicoe
1427 1687 1606 1752 sedis
1693 1687 1916 1772 laycae,
2004 1685 2347 1768 Robertusg
2426 1687 2861 1752 ‘miseratioow

945 1791 1196 1856 divina
1237 1789 1754 1876 Lincolnie‘nsis
1819 1789 2095 1854 eeclesioe
2154 1789 2479 1854 ‘minister
2544 1791 2857 1868 humilia
2928 1853 2931 1858 ,

943 1893 1226 1960 salutem
1285 1899 1346 1958 et
1403 1911 1614 1980 quam
1673 1891 1969 1960 debitam
2012 1899 2159 1960 tam
2202 1893 2509 1962 devotam
2554 1891 2857 1960 obedien-

947 1995 1124 2064 tiam
1169 2001 1230 2064 et
1271 1995 1740 2064 reverentiam.
1946 1983 1953 1990 ”

859 2175 1142 2262 Rogavit
1207 2195 1326 2238 nos
1383 2173 1804 2260 paternitatis
1865 2177 2105 2240 vestrae
2168 2175 2481 2240 sanctitas
2544 2197 2661 2260 per
2722 2197 2859 2238 ma-
2884 2189 3099 2244 Answer
3118 2199 3173 2244 to

769 2277 1044 2364 gistrum
1087 2277 1158 2340 P.
1203 2275 1508 2340 clericum
1573 2280 1888 2356 vestrum,
1933 2279 2013 2340 ut
2056 2277 2475 2362 praebendam
2520 2299 2671 2362 quae
2728 2277 2859 2340 fuit
2880 2257 3195 2376 Qecffifflfflffi

771 2379 1066 2466 magistri
1111 2379 1198 2442 H.
1241 2379 1456 2444 clerici
1499 2379 1726 2456 nostri,
1773 2379 2089 2466 magistro
2132 2379 2373 2448 Attoni
2440 2379 2667 2444 clerico
2712 2403 2857 2444 ves·
2884 2391 3021 2440 Otho
3042 2399 3093 2442 to

771 2487 872 2544 tro
917 2481 1388 2546 conferremus:
1453 2503 1574 2546 nos
1617 2485 1838 2546 autem
1883 2481 2063 2546 dicto
2118 2483 2435 2568 magistro
2480 2481 2549 2548 P.
2596 2503 2859 2568 respon·
2880 2459 3105 2586 ζᾙξξζὲ
3122 2533 3175 2574 at

773 2585 982 2646 dimus
1069 2583 1244 2670 quod
1315 2583 1388 2648 in
1463 2583 1758 2650 adventu
1829 2587 2051 2648 vestro
2122 2583 2197 2648 in
2270 2589 2487 2670 partes
2576 2589 2853 2664 nostraS,
2880 2589 3097 2668 pincoln
3114 2607 3179 2640 on

771 2685 1128 2772 praehabita
1213 2685 1480 2750 interim
1569 2685 2053 2764 deliberatione,
2136 2689 2375 2752 vestrae
2462 2685 2853 2772 paternitati
2874 2655 3125 2774 Ξῗῡέωὼ

773 2809 960 2874 super
1023 2787 1144 2852 hoc
1205 2787 1754 2874 responderemus,
1859 2787 2217 2874 Angebant
2282 2787 2459 2852 enim
2520 2793 2591 2850 et
2644 2787 2855 2854 adhuc
3006 2787 3011 2792 ’

773 2895 1022 2976 angunt
1087 2895 1376 2956 mentem
1441 2897 1736 2956 nostram
1803 2889 1951 2970 tria,
1998 2913 2145 2976 quae
2214 2911 2337 2956 nos
2382 2889 2859 2976 compellebant

773 2993 1024 3058 differre
1067 2997 1354 3058 vestram
1397 2993 1804 3078 rogationem
1849 2991 2115 3058 effectui
2158 2991 2571 3078 mancipare3
2614 2995 2861 3082 cogita-

777 3095 998 3160 bamus
1055 3117 1338 3180 namque
1403 3095 1580 3180 quod
1649 3095 1971 3182 spiritalia
2016 3099 2085 3160 et
2126 3095 2535 3180 spiritalibus
2580 3117 2857 3176 annexa,

773 3219 886 3262 nec
927 3197 1214 3260 humana
1253 3197 1472 3282 gratia
1515 3219 1634 3262 nec
1679 3197 1965 3260 humano
1994 3195 2217 3262 favore
2262 3219 2379 3262 seu
2424 3197 2661 3262 timore
2704 3203 2859 3262 sunt

769 3299 1136 3386 largienda3
1181 3299 1454 3384 ideoque
1481 3299 1640 3364 licet
1685 3299 2063 3364 sciverimus
2106 3303 2391 3364 vestram
2436 3301 2859 3366 sanctitatem

773 3425 884 3488 per
947 3405 1196 3466 vestras
1259 3423 1480 3488 preces
1545 3423 1684 3466 non
1747 3401 2089 3466 intendere
2154 3401 2287 3464 nisi
2352 3401 2431 3466 de
2494 3401 2859 3466 idoneitate

771 3503 970 3590 ipsius
1013 3525 1130 3588 pro
1167 3525 1306 3588 ,quo
1351 3503 1868 3588 porrigebantur,
1919 3503 2375 3568 testimonium
2420 3503 2601 3584 ferre,
2652 3511 2729 3570 ut
2774 3527 2859 3570 ex

773 3611 958 3672 tanto
1029 3605 1408 3670 testimonio
1481 3627 1602 3670 nos
1677 3609 2061 3692 reputantes
2128 3627 2279 3672 eum
2354 3607 2647 3692 dignum,
2722 3627 2857 3670 non

773 3709 1000 3774 timore
1065 3713 1184 3772 aut
1243 3707 1468 3774 favore
1535 3709 1824 3774 humano
1871 3709 1985 3774 sed
2048 3709 2185 3774 solo
2246 3709 2541 3774 caritatis
2602 3709 2857 3772 intuitu

773 3809 1132 3888 faceremus,
1199 3809 1374 3894 quod
1437 3831 1656 3896 preces
1721 3809 2155 3876 insinuabant
2220 3811 2341 3876 hoc
2406 3811 2543 3876 solo
2602 3809 2859 3872 intuitu

771 3909 1148 3976 faciendum.
1235 3909 1378 3976 Nos
1439 3915 1666 3976 tamen
1703 3911 1969 3978 'mentis
2034 3915 2277 3976 nostrae
2336 3911 2691 3976 sentientes
2732 3911 2857 3972 im·-

767 4009 1202 4088 becillitatem‚
1247 4011 1670 4078 vehementer
1709 4013 2055 4078 timuimus
2096 4015 2165 4078 et
2208 4011 2513 4076 timemus
2558 4031 2643 4074 ne
2686 4011 2859 4076 forte

771 4113 854 4176 ad
893 4113 1258 4178 faciendum
1307 4113 1482 4200 quod
1523 4113 1932 4200 rogabamur‚
1978 4135 2115 4178 non
2174 4117 2441 4200 urgeret
2502 4133 2621 4176 nos
2680 4113 2855 4176 solus

773 4213 1058 4278 caritatis
1103 4215 1314 4296 ardor,
1361 4215 1490 4294 sed,
1537 4215 1876 4302 plusquam
1946 4219 2291 4302 oporteret,
2336 4215 2731 4278 immisceret
2790 4235 2857 4278 se

769 4311 1088 4380 humanus
1145 4315 1348 4380 timor
1405 4323 1528 4382 aut
1589 4317 1790 4382 favor.
1879 4317 2219 4396 Praeterea,
2266 4317 2437 4380 sicut
2492 4315 2855 4396 recolimus

769 4417 1116 4498 praedictus
1177 4419 1492 4506 magister
1533 4419 1720 4500 Atto,
1767 4441 1961 4504 quem
2026 4439 2111 4482 ex
2172 4423 2393 4484 vestro
2458 4419 2853 4500 testimoni0‚

771 4521 840 4582 et
903 4521 1100 4584 etiam
1167 4539 1250 4584 ex
1317 4521 1418 4584 his
1481 4541 1628 4608 quae
1691 4519 1774 4584 de
1837 4519 1979 4606 ipso
2046 4519 2305 4606 experti
2328 4519 2587 4596 5111111115,
2634 4519 2855 4584 virum

771 4621 1202 4706 magnificum,
1247 4621 1520 4688 scientia
1563 4621 1957 4686 eminentem
2002 4625 2073 4686 et
2114 4621 2407 4686 moribus
2466 4623 2855 4710 praeclarum

771 4727 1166 4808 reputamuS‚
1197 4725 1388 4792 nobis
1427 4725 1782 4810 aliquando
1817 4725 1995 4790 dixit
2024 4725 2203 4812 quod
2228 4745 2365 4792 non
2394 4731 2539 4792 erat
2582 4745 2661 4790 eo
2690 4731 2855 4790 tem.-

2544 4839 2593 4902 Q
