3875 5734
695 1013 760 1064 he
785 1021 968 1066 cannot

695 1085 758 1134 do
783 1097 926 1148 away

695 1149 924 1210 *Wsthit3

695 1219 796 1268 and
817 1233 848 1268 a
859 1233 1004 1270 num·

695 1287 788 1336 ber
809 1287 866 1336 of

699 1353 900 1404 visitors
921 1353 966 1404 is

697 1423 940 1470 advanta-

697 1503 864 1554 geouS.

699 2351 896 2418 Argum

695 2421 826 2470 from
845 2419 932 2470 the

699 2487 892 2552 history
911 2487 974 2536 of

897 2357 982 2400 ent

1025 799 1154 864 380
1677 813 1967 864 RoBERn
2010 815 2463 866 enossmrsm

1027 1015 1162 1060 non
1233 995 1454 1082 potest
1529 993 1648 1060 hoc
1715 997 1981 1082 propter
2052 993 2337 1060 rationes
2412 991 2755 1080 praedictas
2828 990 3109 1080 intelligi

1027 1097 1206 1164 inter
1247 1097 1622 1164 inferiorem
1669 1103 1736 1164 et
1799 1101 2193 1186 superiorem
2262 1119 2467 1178 suum,
2540 1119 2581 1160 a
2646 1115 2773 1182 quo
2846 1093 3111 1160 inferior

1027 1203 1258 1290 recipit
1319 1201 1694 1289 hujusmodi
1759 1209 2165 1290 potestatem.
2256 1203 2387 1270 Sed
2450 1197 2951 1286 intelligendum
2998 1203 3111 1278 est,

1027 1305 1202 1392 quod
1275 1329 1396 1392 par
1483 1311 1706 1394 potest
1793 1307 1864 1370 in
1944 1307 2065 1372 hae
2136 1311 2325 1394 parte
2398 1303 2813 1394 praescribere
2888 1307 3113 1368 contra

1025 1431 1266 1496 parem,
1313 1411 1420 1476 vel
1465 1411 1758 1498 superior
1803 1413 2031 1476 contra
2094 1411 2483 1488 inferiorem,
2532 1407 2641 1472 vel
2706 1407 2893 1488 forte,
2940 1407 3107 1492 quia,

1025 1521 1104 1578 ut
1145 1513 1528 1600 praedictum
1573 1517 1688 1592 est,
1735 1513 2147 1578 visitatorum
2188 1511 2529 1598 pluralitas
2574 1533 2709 1574 non
2754 1509 2957 1590 obest,
3002 1509 3113 1576 sed

1029 1617 1384 1704 plurimum
1459 1617 1768 1704 prodest3
1857 1615 2087 1680 utilius
2148 1615 2547 1704 intelligitur
2618 1613 2795 1700 quod
2880 1613 3113 1702 aliquis

1031 1725 1256 1786 contra
1301 1719 1504 1784 alium
1549 1719 1965 1808 praescribere
2006 1723 2223 1806 potest
2258 1719 2333 1782 in
2376 1717 2725 1798 visitand0‚
2756 1717 2877 1782 hoc
2920 1719 3111 1782 modo

1031 1825 1352 1902 videlicet,
1425 1823 1602 1908 quod
1663 1821 1898 1908 aliquis
1962 1821 2023 1888 si
2066 1823 2277 1888 multo
2350 1827 2645 1910 tempore
2718 1821 3109 1900 visitaverit,

1029 1927 1172 2014 ipsa
1237 1927 1554 2010 temporis
1615 1925 2057 1992 diuturnitate
2134 1929 2355 2012 potest
2402 1927 2821 2012 praescribere
2888 1931 3111 1992 contra

1031 2031 1434 2094 ordinarium
1475 2031 1566 2094 ad
1609 2051 1802 2114 quem
1847 2051 1932 2094 ex
1976 2027 2169 2095 officii
2214 2031 2319 2094 sui
2378 2029 2601 2094 debito
2668 2033 2919 2116 spectat
2958 2031 3113 2096 visi-

1025 2133 1210 2210 tati0,
1257 2155 1340 2196 ne
1383 2133 1524 2218 ipse
1569 2133 1932 2198 ordinarius
1974 2133 2249 2220 repellat
2296 2153 2461 2212 eum,
2508 2133 2623 2218 qui
2670 2133 2759 2196 sic
2786 2133 3113 2220 praescrip-

1025 2235 1130 2316 sit,
1179 2257 1220 2298 a
1261 2235 1606 2302 visitando,

1113 2339 1322 2406 Jacob
1365 2341 1672 2426 pascebat
1719 2363 1868 2406 oves
1915 2341 2159 2418 Laban,
2206 2339 2451 2406 multas
2480 2341 2691 2418 valde,
2724 2339 2811 2406 ad
2838 2361 3111 2428 quarum

1025 2465 1370 2510 numerum
1415 2445 1916 2510 custodiendum
1958 2445 2309 2512 verisimile
2338 2449 2441 2510 est
2482 2445 2699 2532 ipsum
2744 2445 2951 2510 solum
2978 2467 3111 2508 non

701 2553 860 2604 Jacob
885 2553 982 2604 and
1025 2547 1366 2626 suffecisse,
1415 2547 1588 2612 unde
1633 2553 1704 2612 et
1747 2551 2037 2634 pastores
2078 2547 2315 2612 habuit
2382 2547 2501 2610 sub
2574 2569 2641 2610 se
2706 2547 3109 2612 constitutos

695 2621 882 2674 Laban.

697 3793 824 3846 Gen.
843 3795 988 3848 xxxi.

695 3867 872 3914 38-40.

1027 2649 1096 2714 N
1097 2649 1354 2736 unquid
1397 2649 1618 2736 igitur,
1651 2649 1808 2736 quia
1849 2653 2139 2738 pastores
2168 2649 2289 2716 sub
2320 2673 2389 2716 se
2420 2649 2813 2716 constitutos
2856 2649 3111 2728 habuit,

1035 2753 1148 2838 qui
1199 2753 1442 2844 singuli
1509 2751 1592 2820 de
1653 2753 1957 2842 gregibus
2010 2753 2283 2842 singulis
2326 2777 2547 2820 curam
2598 2761 2913 2842 gererent,
2980 2775 3111 2820 non

1027 2859 1246 2944 potuit
1289 2857 1570 2944 ipsemet
1623 2859 1710 2922 ad
1775 2859 2065 2946 singulos
2124 2881 2349 2946 greges
2418 2859 2829 2946 singulosque
2892 2881 3111 2924 eorum

1029 2965 1320 3048 pastores
1393 2961 1710 3040 accedere,
1775 2961 2193 3048 singulosque
2254 2981 2499 3048 greges„
2586 2961 3111 3048 singulorumque

1031 3063 1322 3150 singulas
1365 3085 1536 3142 oves»,
1605 3063 1904 3150 ipsosque
1972 3069 2263 3150 pastores
2322 3063 2609 3144 visitare,
2656 3063 3111 3150 visitandoque

1027 3167 1436 3254 perscrutari,
1479 3171 1550 3234 et
1595 3165 1995 3254 investigare
2040 3167 2095 3232 si
2160 3189 2305 3252 quae
2348 3189 2503 3234 oves
2568 3173 2781 3234 essent
2844 3169 3109 3246 steriles»,

1029 3273 1086 3336 si
1145 3293 1292 3356 quae
1347 3269 1610 3348 debiles,
1675 3269 1971 3346 infirmae,
2038 3273 2155 3334 aut
2216 3271 2541 3350 scabiosae,
2606 3271 2665 3334 si
2726 3291 2871 3356 quae
2938 3269 3111 3338 fuito

1031 3375 1138 3440 vel
1183 3397 1224 3438 a
1267 3373 1496 3438 bestiis
1543 3377 1868 3460 surreptae‚
1919 3377 1989 3438 et
2056 3373 2113 3438 si
2156 3373 2295 3438 haec
2340 3373 2725 3438 accidissent
2772 3373 3003 3438 ovibus
3032 3393 3113 3438 ex

1031 3477 1306 3564 pastoris
1349 3477 1754 3564 negligentia
1819 3477 1930 3542 vel
1988 3477 2151 3542 artis
2210 3477 2559 3564 pastoralis
2618 3477 2989 3564 imperitia3
3048 3481 3115 3542 et

1027 3579 1130 3646 his
1197 3579 1634 3668 investigatiS,
1711 3583 1938 3646 contra
2002 3581 2219 3646 omnia
2286 3579 2663 3668 hujusmodi
2728 3579 3115 3646 detrimenta

1029 3705 1314 3770 congrua
1385 3705 1710 3772 apponere
1781 3683 2109 3750 remedia?
2198 3681 2349 3750 Nisi
2412 3683 2547 3750 haec
2610 3683 2819 3750 facere
2882 3687 3111 3768 posset,

1037 3789 1358 3876 quomodo
1405 3789 1682 3854 dixisset
1727 3787 1814 3852 ad
1859 3787 2103 3870 Laban,
2136 3789 2187 3854 I
2184 3787 2407 3854 dcirco
2452 3787 2709 3876 viyinti
2752 3787 2963 3854 annis
2990 3789 3117 3876 fui

1031 3897 1248 3958 tecum
1267 3917 1298 3972 ;
1373 3915 1518 3960 oves
1581 3899 1714 3960 tuoe
1799 3899 1860 3960 et
1927 3915 2149 3978 caprea
2222 3891 2475 3958 steriles
2572 3915 2715 3958 ‘non
2774 3891 3069 3978 fuerunt
3084 3919 3111 3972 ;

1029 3995 1266 4062 (metes
1307 3995 1530 4082 meyde
1589 3995 1700 4062 tui
1741 4017 1886 4062 ‘non
1948 3993 2219 4074 comacli,
2298 4017 2419 4062 6166
2476 4005 2755 4080 captum
2814 4017 2857 4062 α,
2916 3993 3117 4062 bestia

1029 4097 1298 4164 tradidi
1361 4097 1486 4164 tibi
1507 4125 1538 4180 ,·
1599 4121 1712 4184 690
1735 4099 1754 4134 ¹
1823 4099 2169 4166 damnum
2230 4121 2429 4164 omne
2472 4097 2829 4164 ‘reddebam
2850 4123 2881 4178 ,·
2938 4097 3117 4184 quic-

1029 4203 1198 4290 quid
1253 4203 1450 4290 farto
1503 4203 1808 4290 Perierat
1875 4225 1922 4268 α
1998 4223 2103 4268 me
2180 4203 2475 4290 exiyebas
2492 4227 2521 4284 ;
2604 4201 2721 4268 die
2794 4209 3113 4290 noctuque

951 4351 956 4354 -
1029 4313 1194 4372 oestu
1235 4305 1480 4372 urebar
1521 4313 1582 4370 et
1623 4305 1778 4390 yezu
1797 4329 1824 4386 ,⁶
1855 4305 2169 4390 fuyiebat
2210 4327 2489 4372 somnus
2536 4305 2613 4370 ab
2660 4305 2871 4372 oculis
2900 4305 3113 4372 meis?

1033 4409 1162 4474 Sed
1197 4409 1308 4496 [si]
1339 4409 1494 4496 quia
1535 4413 1828 4494 pastores
1855 4407 2091 4474 habuit
2118 4407 2327 4474 Jacob
2358 4407 2479 4474 sub
2510 4431 2593 4486 se,
2626 4431 2759 4474 non
2802 4407 3115 4494 potuisset

1643 4615 1834 4622 ffl
1837 4613 2521 4622 —ffl-Qm-—ou

1731 4737 1736 4742 ’
1825 4741 1836 4770 ¹
1875 4739 2019 4790 Trin.
2044 4739 2223 4792 inserts
2244 4741 2325 4792 ad.
