<?xml version="1.0" encoding="UTF-8"?>
<!DOCTYPE html PUBLIC "-//W3C//DTD XHTML 1.0 Transitional//EN"
    "http://www.w3.org/TR/xhtml1/DTD/xhtml1-transitional.dtd">
<html xmlns="http://www.w3.org/1999/xhtml" xml:lang="en" lang="en">
 <head>
  <title>
</title>
<meta http-equiv="Content-Type" content="text/html;charset=utf-8" />
  <meta name='ocr-system' content='tesseract 3.04.00' />
  <meta name='ocr-capabilities' content='ocr_page ocr_carea ocr_par ocr_line ocrx_word'/>
</head>
<body>
  <div class='ocr_page' id='page_1' title='image "./robertigrossete01luargoog_0321.png"; bbox 0 0 3875 5734; ppageno 0'>
   <div class='ocr_carea' id='block_1_1' title="bbox 1631 819 2837 882">
    <p class='ocr_par' dir='ltr' id='par_1_1' title="bbox 1631 819 2837 882">
     <span class='ocr_line' id='line_1_1' title="bbox 1631 819 2837 882; baseline 0.007 -8"><span class='ocrx_word' id='word_1_1' title='bbox 1631 825 1985 876; x_wconf 81' lang='lat' dir='ltr'><strong>EPISTOLAE.</strong></span> <span class='ocrx_word' id='word_1_2' title='bbox 2716 819 2837 882; x_wconf 82' lang='lat'>181</span> 
     </span>
    </p>
   </div>
   <div class='ocr_carea' id='block_1_2' title="bbox 779 1003 2847 1620">
    <p class='ocr_par' dir='ltr' id='par_1_2' title="bbox 779 1003 2847 1620">
     <span class='ocr_line' id='line_1_2' title="bbox 779 1003 2845 1086; baseline 0.001 -14"><span class='ocrx_word' id='word_1_3' title='bbox 779 1009 1004 1072; x_wconf 72' lang='lat' dir='ltr'>vestrae</span> <span class='ocrx_word' id='word_1_4' title='bbox 1079 1003 1268 1086; x_wconf 79' lang='lat' dir='ltr'>zeluS,</span> <span class='ocrx_word' id='word_1_5' title='bbox 1343 1025 1426 1070; x_wconf 84' lang='lat' dir='ltr'>ne</span> <span class='ocrx_word' id='word_1_6' title='bbox 1487 1007 1674 1072; x_wconf 86' lang='lat' dir='ltr'>tanta</span> <span class='ocrx_word' id='word_1_7' title='bbox 1745 1005 1888 1072; x_wconf 89' lang='lat' dir='ltr'>luce</span> <span class='ocrx_word' id='word_1_8' title='bbox 1968 1005 2259 1074; x_wconf 80' lang='lat' dir='ltr'>extincta</span> <span class='ocrx_word' id='word_1_9' title='bbox 2318 1009 2423 1074; x_wconf 77' lang='lat' dir='ltr'>vel</span> <span class='ocrx_word' id='word_1_10' title='bbox 2494 1005 2845 1086; x_wconf 86' lang='lat' dir='ltr'>obfuscata,</span> 
     </span>
     <span class='ocr_line' id='line_1_3' title="bbox 779 1107 2845 1200; baseline 0 -24"><span class='ocrx_word' id='word_1_11' title='bbox 779 1109 948 1200; x_wconf 84' lang='lat' dir='ltr'>quod</span> <span class='ocrx_word' id='word_1_12' title='bbox 991 1113 1246 1176; x_wconf 82' lang='lat' dir='ltr'>avertat</span> <span class='ocrx_word' id='word_1_13' title='bbox 1277 1107 1424 1176; x_wconf 76' lang='lat' dir='ltr'>Lux</span> <span class='ocrx_word' id='word_1_14' title='bbox 1467 1131 1636 1190; x_wconf 86' lang='lat' dir='ltr'>vera,</span> <span class='ocrx_word' id='word_1_15' title='bbox 1669 1111 1987 1200; x_wconf 84' lang='lat' dir='ltr'>obtegant</span> <span class='ocrx_word' id='word_1_16' title='bbox 2016 1115 2085 1176; x_wconf 91' lang='lat' dir='ltr'>et</span> <span class='ocrx_word' id='word_1_17' title='bbox 2114 1111 2469 1176; x_wconf 81' lang='lat' dir='ltr'>obvolvant</span> <span class='ocrx_word' id='word_1_18' title='bbox 2496 1111 2845 1198; x_wconf 80' lang='lat' dir='ltr'>regionem,</span> 
     </span>
     <span class='ocr_line' id='line_1_4' title="bbox 781 1215 2847 1304; baseline -0.001 -20"><span class='ocrx_word' id='word_1_19' title='bbox 781 1239 968 1304; x_wconf 84' lang='lat' dir='ltr'>quam</span> <span class='ocrx_word' id='word_1_20' title='bbox 1013 1239 1146 1302; x_wconf 75' lang='lat' dir='ltr'>prae</span> <span class='ocrx_word' id='word_1_21' title='bbox 1189 1215 1334 1282; x_wconf 85' lang='lat' dir='ltr'>aliis</span> <span class='ocrx_word' id='word_1_22' title='bbox 1379 1215 1742 1302; x_wconf 67' lang='lat' dir='ltr'>specialiter</span> <span class='ocrx_word' id='word_1_23' title='bbox 1803 1215 2037 1302; x_wconf 87' lang='lat' dir='ltr'>diligit,</span> <span class='ocrx_word' id='word_1_24' title='bbox 2086 1215 2375 1304; x_wconf 72' lang='lat' dir='ltr'>antiquae</span> <span class='ocrx_word' id='word_1_25' title='bbox 2406 1215 2747 1302; x_wconf 85' lang='lat' dir='ltr'>e[rr]orum</span> <span class='ocrx_word' id='word_1_26' title='bbox 2776 1223 2847 1282; x_wconf 91' lang='lat' dir='ltr'>et</span> 
     </span>
     <span class='ocr_line' id='line_1_5' title="bbox 779 1317 2847 1410; baseline -0.001 -24"><span class='ocrx_word' id='word_1_27' title='bbox 779 1325 1176 1410; x_wconf 82' lang='lat' dir='ltr'>peccatorum</span> <span class='ocrx_word' id='word_1_28' title='bbox 1223 1321 1526 1402; x_wconf 78' lang='lat' dir='ltr'>tenebrae,</span> <span class='ocrx_word' id='word_1_29' title='bbox 1575 1319 1714 1408; x_wconf 85' lang='lat' dir='ltr'>jam</span> <span class='ocrx_word' id='word_1_30' title='bbox 1765 1319 1928 1386; x_wconf 87' lang='lat' dir='ltr'>lucis</span> <span class='ocrx_word' id='word_1_31' title='bbox 1986 1341 2205 1386; x_wconf 86' lang='lat' dir='ltr'>eorum</span> <span class='ocrx_word' id='word_1_32' title='bbox 2250 1317 2451 1384; x_wconf 87' lang='lat' dir='ltr'>radiis</span> <span class='ocrx_word' id='word_1_33' title='bbox 2494 1319 2847 1404; x_wconf 85' lang='lat' dir='ltr'>plurimum</span> 
     </span>
     <span class='ocr_line' id='line_1_6' title="bbox 781 1421 2845 1512; baseline 0 -20"><span class='ocrx_word' id='word_1_34' title='bbox 781 1425 1082 1512; x_wconf 86' lang='lat' dir='ltr'>effugatae.</span> <span class='ocrx_word' id='word_1_35' title='bbox 1173 1425 1702 1490; x_wconf 86' lang='lat' dir='ltr'>Incolumitatem</span> <span class='ocrx_word' id='word_1_36' title='bbox 1751 1429 2039 1492; x_wconf 84' lang='lat' dir='ltr'>vestram</span> <span class='ocrx_word' id='word_1_37' title='bbox 2086 1427 2421 1490; x_wconf 85' lang='lat' dir='ltr'>conservet</span> <span class='ocrx_word' id='word_1_38' title='bbox 2466 1421 2845 1492; x_wconf 82' lang='lat' dir='ltr'>Altissimus</span> 
     </span>
     <span class='ocr_line' id='line_1_7' title="bbox 781 1527 2315 1620; baseline -0.001 -24"><span class='ocrx_word' id='word_1_39' title='bbox 781 1551 888 1620; x_wconf 90' lang='lat' dir='ltr'>per</span> <span class='ocrx_word' id='word_1_40' title='bbox 927 1533 1216 1620; x_wconf 85' lang='lat' dir='ltr'>tempora</span> <span class='ocrx_word' id='word_1_41' title='bbox 1259 1529 1452 1620; x_wconf 84' lang='lat' dir='ltr'>longa</span> <span class='ocrx_word' id='word_1_42' title='bbox 1495 1529 1658 1596; x_wconf 88' lang='lat' dir='ltr'>mihi</span> <span class='ocrx_word' id='word_1_43' title='bbox 1703 1543 1772 1596; x_wconf 88' lang='lat' dir='ltr'>et</span> <span class='ocrx_word' id='word_1_44' title='bbox 1817 1527 2121 1596; x_wconf 70' lang='lat' dir='ltr'>Ecclesiae</span> <span class='ocrx_word' id='word_1_45' title='bbox 2166 1551 2315 1596; x_wconf 90' lang='lat' dir='ltr'>suae.</span> 
     </span>
    </p>
   </div>
   <div class='ocr_carea' id='block_1_3' title="bbox 1719 1825 1892 1892">
    <p class='ocr_par' dir='ltr' id='par_1_3' title="bbox 1719 1825 1892 1892">
     <span class='ocr_line' id='line_1_8' title="bbox 1719 1825 1892 1892; baseline 0 0"><span class='ocrx_word' id='word_1_46' title='bbox 1719 1825 1892 1892; x_wconf 88' lang='lat' dir='ltr'>LIX.</span> 
     </span>
    </p>
   </div>
   <div class='ocr_carea' id='block_1_4' title="bbox 795 1989 3109 2476">
    <p class='ocr_par' dir='ltr' id='par_1_4' title="bbox 795 1989 3109 2476">
     <span class='ocr_line' id='line_1_9' title="bbox 795 1989 3109 2080; baseline -0.003 -22"><span class='ocrx_word' id='word_1_47' title='bbox 795 1989 1166 2060; x_wconf 63' lang='lat' dir='ltr'>Venerabili</span> <span class='ocrx_word' id='word_1_48' title='bbox 1213 1991 1298 2058; x_wconf 60' lang='lat' dir='ltr'>ivi</span> <span class='ocrx_word' id='word_1_49' title='bbox 1355 1989 1616 2058; x_wconf 66' lang='lat' dir='ltr'>Christo</span> <span class='ocrx_word' id='word_1_50' title='bbox 1659 1989 1872 2078; x_wconf 68' lang='lat' dir='ltr'>patri,</span> <span class='ocrx_word' id='word_1_51' title='bbox 1935 1989 2073 2058; x_wconf 88' lang='lat' dir='ltr'>Dei</span> <span class='ocrx_word' id='word_1_52' title='bbox 2130 1989 2367 2078; x_wconf 70' lang='lat' dir='ltr'>yratia</span> <span class='ocrx_word' id='word_1_53' title='bbox 2418 1989 2845 2080; x_wconf 70' lang='lat' dir='ltr'>[Roeynaldo]</span> <span class='ocrx_word' id='word_1_54' title='bbox 2940 2003 3109 2054; x_wconf 75' lang='lat'>1238?</span> 
     </span>
     <span class='ocr_line' id='line_1_10' title="bbox 945 2093 2843 2182; baseline -0.001 -20"><span class='ocrx_word' id='word_1_55' title='bbox 945 2095 1274 2182; x_wconf 72' lang='lat' dir='ltr'>Episcopo</span> <span class='ocrx_word' id='word_1_56' title='bbox 1319 2093 1636 2174; x_wconf 71' lang='lat' dir='ltr'>Ostiensi,</span> <span class='ocrx_word' id='word_1_57' title='bbox 1683 2103 1928 2162; x_wconf 69' lang='lat' dir='ltr'>sanetae</span> <span class='ocrx_word' id='word_1_58' title='bbox 1976 2095 2307 2162; x_wconf 71' lang='lat' dir='ltr'>Romame</span> <span class='ocrx_word' id='word_1_59' title='bbox 2352 2095 2631 2162; x_wconf 73' lang='lat' dir='ltr'>ecclesice</span> <span class='ocrx_word' id='word_1_60' title='bbox 2674 2095 2843 2162; x_wconf 64' lang='lat' dir='ltr'>Oar-</span> 
     </span>
     <span class='ocr_line' id='line_1_11' title="bbox 949 2197 2847 2286; baseline 0 -20"><span class='ocrx_word' id='word_1_61' title='bbox 949 2199 1196 2280; x_wconf 75' lang='lat' dir='ltr'>di‘nali,</span> <span class='ocrx_word' id='word_1_62' title='bbox 1229 2199 1556 2268; x_wconf 69' lang='lat' dir='ltr'>Robertus</span> <span class='ocrx_word' id='word_1_63' title='bbox 1577 2199 2025 2286; x_wconf 65' lang='lat' dir='ltr'>permissione</span> <span class='ocrx_word' id='word_1_64' title='bbox 2058 2199 2311 2268; x_wconf 71' lang='lat' dir='ltr'>divina</span> <span class='ocrx_word' id='word_1_65' title='bbox 2340 2197 2847 2268; x_wconf 69' lang='lat' dir='ltr'>Lineolnieneis</span> 
     </span>
     <span class='ocr_line' id='line_1_12' title="bbox 947 2301 2847 2394; baseline 0 -24"><span class='ocrx_word' id='word_1_66' title='bbox 947 2301 1226 2370; x_wconf 77' lang='lat' dir='ltr'>ecelesice</span> <span class='ocrx_word' id='word_1_67' title='bbox 1247 2301 1566 2370; x_wconf 67' lang='lat' dir='ltr'>‘minister</span> <span class='ocrx_word' id='word_1_68' title='bbox 1583 2303 1892 2384; x_wconf 64' lang='lat' dir='ltr'>humilia,</span> <span class='ocrx_word' id='word_1_69' title='bbox 1915 2303 2205 2370; x_wconf 73' lang='lat' dir='ltr'>salutem</span> <span class='ocrx_word' id='word_1_70' title='bbox 2224 2311 2283 2370; x_wconf 73' lang='lat' dir='ltr'>et</span> <span class='ocrx_word' id='word_1_71' title='bbox 2310 2325 2521 2394; x_wconf 63' lang='lat' dir='ltr'>qiioem</span> <span class='ocrx_word' id='word_1_72' title='bbox 2550 2301 2847 2370; x_wconf 72' lang='lat' dir='ltr'>debitam</span> 
     </span>
     <span class='ocr_line' id='line_1_13' title="bbox 947 2407 2799 2476; baseline 0 -2"><span class='ocrx_word' id='word_1_73' title='bbox 947 2415 1088 2474; x_wconf 74' lang='lat' dir='ltr'>tam</span> <span class='ocrx_word' id='word_1_74' title='bbox 1131 2407 1434 2474; x_wconf 72' lang='lat' dir='ltr'>devotam</span> <span class='ocrx_word' id='word_1_75' title='bbox 1481 2431 1638 2476; x_wconf 79' lang='lat' dir='ltr'>eum</span> <span class='ocrx_word' id='word_1_76' title='bbox 1679 2409 1876 2476; x_wconf 70' lang='lat' dir='ltr'>omni</span> <span class='ocrx_word' id='word_1_77' title='bbox 1919 2409 2295 2476; x_wconf 65' lang='lat' dir='ltr'>reverentia</span> <span class='ocrx_word' id='word_1_78' title='bbox 2340 2407 2799 2476; x_wconf 67' lang='lat' dir='ltr'>obedientiam.</span> 
     </span>
    </p>
   </div>
   <div class='ocr_carea' id='block_1_5' title="bbox 781 2585 3217 4752">
    <p class='ocr_par' dir='ltr' id='par_1_5' title="bbox 781 2585 3217 4752">
     <span class='ocr_line' id='line_1_14' title="bbox 867 2585 3175 2676; baseline -0.003 -22"><span class='ocrx_word' id='word_1_79' title='bbox 867 2587 1028 2654; x_wconf 78' lang='lat' dir='ltr'>Cum</span> <span class='ocrx_word' id='word_1_80' title='bbox 1087 2587 1344 2654; x_wconf 82' lang='lat' dir='ltr'>Fratres</span> <span class='ocrx_word' id='word_1_81' title='bbox 1391 2585 1676 2652; x_wconf 79' lang='lat' dir='ltr'>Minores</span> <span class='ocrx_word' id='word_1_82' title='bbox 1729 2609 1844 2676; x_wconf 87' lang='lat' dir='ltr'>per</span> <span class='ocrx_word' id='word_1_83' title='bbox 1901 2609 2177 2674; x_wconf 84' lang='lat' dir='ltr'>regnum</span> <span class='ocrx_word' id='word_1_84' title='bbox 2208 2587 2469 2676; x_wconf 77' lang='lat' dir='ltr'>Angliee</span> <span class='ocrx_word' id='word_1_85' title='bbox 2500 2585 2843 2654; x_wconf 88' lang='lat' dir='ltr'>constituti</span> <span class='ocrx_word' id='word_1_86' title='bbox 2870 2595 2981 2676; x_wconf 70' lang='lat' dir='ltr'>&#39;1⁸13e</span> <span class='ocrx_word' id='word_1_87' title='bbox 3006 2597 3175 2648; x_wconf 76' lang='lat' dir='ltr'>Friars</span> 
     </span>
     <span class='ocr_line' id='line_1_15' title="bbox 783 2665 3177 2784; baseline 0 -28"><span class='ocrx_word' id='word_1_88' title='bbox 783 2715 890 2756; x_wconf 89' lang='lat' dir='ltr'>sua</span> <span class='ocrx_word' id='word_1_89' title='bbox 929 2691 1168 2756; x_wconf 81' lang='lat' dir='ltr'>salubri</span> <span class='ocrx_word' id='word_1_90' title='bbox 1221 2691 1676 2778; x_wconf 76' lang='lat' dir='ltr'>praedicatione</span> <span class='ocrx_word' id='word_1_91' title='bbox 1721 2691 2037 2780; x_wconf 87' lang='lat' dir='ltr'>populum</span> <span class='ocrx_word' id='word_1_92' title='bbox 2082 2689 2423 2760; x_wconf 82' lang='lat' dir='ltr'>efficaciter</span> <span class='ocrx_word' id='word_1_93' title='bbox 2468 2690 2843 2756; x_wconf 68' lang='lat' dir='ltr'>illuminent</span> <span class='ocrx_word' id='word_1_94' title='bbox 2868 2665 3177 2784; x_wconf 52' lang='lat' dir='ltr'>ffiffiffignffre</span> 
     </span>
     <span class='ocr_line' id='line_1_16' title="bbox 781 2793 3217 2884; baseline -0 -22"><span class='ocrx_word' id='word_1_95' title='bbox 781 2797 858 2862; x_wconf 85' lang='lat' dir='ltr'>ad</span> <span class='ocrx_word' id='word_1_96' title='bbox 913 2797 1256 2862; x_wconf 82' lang='lat' dir='ltr'>veritatem</span> <span class='ocrx_word' id='word_1_97' title='bbox 1325 2795 1848 2884; x_wconf 85' lang='lat' dir='ltr'>cognoscendam,</span> <span class='ocrx_word' id='word_1_98' title='bbox 1895 2801 1963 2862; x_wconf 92' lang='lat' dir='ltr'>et</span> <span class='ocrx_word' id='word_1_99' title='bbox 2030 2819 2163 2862; x_wconf 85' lang='lat' dir='ltr'>suae</span> <span class='ocrx_word' id='word_1_100' title='bbox 2224 2797 2647 2862; x_wconf 68' lang='lat' dir='ltr'>sanctissimae</span> <span class='ocrx_word' id='word_1_101' title='bbox 2696 2817 2847 2862; x_wconf 86' lang='lat' dir='ltr'>ccn-</span> <span class='ocrx_word' id='word_1_102' title='bbox 2872 2801 2969 2852; x_wconf 82' lang='lat' dir='ltr'>ded</span> <span class='ocrx_word' id='word_1_103' title='bbox 2988 2807 3039 2850; x_wconf 85' lang='lat' dir='ltr'>to</span> <span class='ocrx_word' id='word_1_104' title='bbox 3060 2799 3145 2878; x_wconf 71' lang='lat' dir='ltr'>‘fhe</span> <span class='ocrx_word' id='word_1_105' title='bbox 3214 2793 3217 2796; x_wconf 72' lang='grc'><strong><em>’</em></strong></span> 
     </span>
     <span class='ocr_line' id='line_1_17' title="bbox 781 2873 3167 2988; baseline 0 -24"><span class='ocrx_word' id='word_1_106' title='bbox 781 2899 1154 2966; x_wconf 71' lang='lat' dir='ltr'>versationis</span> <span class='ocrx_word' id='word_1_107' title='bbox 1213 2901 1512 2988; x_wconf 82' lang='lat' dir='ltr'>exemplo</span> <span class='ocrx_word' id='word_1_108' title='bbox 1553 2901 1971 2966; x_wconf 82' lang='lat' dir='ltr'>vehementer</span> <span class='ocrx_word' id='word_1_109' title='bbox 2028 2899 2385 2968; x_wconf 81' lang='lat' dir='ltr'>accendant</span> <span class='ocrx_word' id='word_1_110' title='bbox 2442 2901 2721 2966; x_wconf 84' lang='lat' dir='ltr'>eundem</span> <span class='ocrx_word' id='word_1_111' title='bbox 2766 2899 2853 2964; x_wconf 83' lang='lat' dir='ltr'>ad</span> <span class='ocrx_word' id='word_1_112' title='bbox 2872 2873 3167 2986; x_wconf 55' lang='grc' dir='ltr'>ἓξοέξξὲξζὲι</span> 
     </span>
     <span class='ocr_line' id='line_1_18' title="bbox 781 3003 3109 3092; baseline 0.001 -26"><span class='ocrx_word' id='word_1_113' title='bbox 781 3003 1112 3070; x_wconf 85' lang='lat' dir='ltr'>veritatem</span> <span class='ocrx_word' id='word_1_114' title='bbox 1169 3003 1548 3084; x_wconf 78' lang='lat' dir='ltr'>faciendam,</span> <span class='ocrx_word' id='word_1_115' title='bbox 1595 3009 1676 3070; x_wconf 93' lang='lat' dir='ltr'>ut</span> <span class='ocrx_word' id='word_1_116' title='bbox 1719 3009 2037 3092; x_wconf 83' lang='lat' dir='ltr'>tanquam</span> <span class='ocrx_word' id='word_1_117' title='bbox 2078 3003 2199 3070; x_wconf 75' lang='lat' dir='ltr'>lux</span> <span class='ocrx_word' id='word_1_118' title='bbox 2258 3027 2433 3070; x_wconf 86' lang='lat' dir='ltr'>nova</span> <span class='ocrx_word' id='word_1_119' title='bbox 2476 3003 2855 3071; x_wconf 84' lang='lat' dir='ltr'>illuminans</span> <span class='ocrx_word' id='word_1_120' title='bbox 2874 3003 3109 3068; x_wconf 78' lang='lat' dir='ltr'>Raynald</span> 
     </span>
     <span class='ocr_line' id='line_1_19' title="bbox 781 3071 3187 3200; baseline -0.001 -26"><span class='ocrx_word' id='word_1_121' title='bbox 781 3113 842 3174; x_wconf 90' lang='lat' dir='ltr'>et</span> <span class='ocrx_word' id='word_1_122' title='bbox 899 3113 1202 3196; x_wconf 83' lang='lat' dir='ltr'>vegetans</span> <span class='ocrx_word' id='word_1_123' title='bbox 1233 3101 1348 3176; x_wconf 64' lang='lat' dir='ltr'>&#39;in</span> <span class='ocrx_word' id='word_1_124' title='bbox 1393 3107 1680 3176; x_wconf 68' lang='lat' dir='ltr'>tenebris</span> <span class='ocrx_word' id='word_1_125' title='bbox 1723 3107 2047 3174; x_wconf 71' lang='lat' dir='ltr'>videatur</span> <span class='ocrx_word' id='word_1_126' title='bbox 2114 3117 2355 3188; x_wconf 66' lang='lat' dir='ltr'>exorta,</span> <span class='ocrx_word' id='word_1_127' title='bbox 2418 3131 2537 3174; x_wconf 83' lang='lat' dir='ltr'>vos</span> <span class='ocrx_word' id='word_1_128' title='bbox 2600 3129 2857 3196; x_wconf 86' lang='lat' dir='ltr'>quoque</span> <span class='ocrx_word' id='word_1_129' title='bbox 2880 3071 3187 3200; x_wconf 44' lang='lat' dir='ltr'>&amp;affigi-Pom</span> 
     </span>
     <span class='ocr_line' id='line_1_20' title="bbox 785 3205 3171 3324; baseline -0.003 -44"><span class='ocrx_word' id='word_1_130' title='bbox 785 3235 914 3298; x_wconf 75' lang='lat' dir='ltr'>pree</span> <span class='ocrx_word' id='word_1_131' title='bbox 955 3213 1202 3278; x_wconf 71' lang='lat' dir='ltr'>caeteris</span> <span class='ocrx_word' id='word_1_132' title='bbox 1263 3217 1412 3300; x_wconf 89' lang='lat' dir='ltr'>post</span> <span class='ocrx_word' id='word_1_133' title='bbox 1473 3235 1802 3278; x_wconf 86' lang='lat' dir='ltr'>summum</span> <span class='ocrx_word' id='word_1_134' title='bbox 1847 3213 2233 3278; x_wconf 86' lang='lat' dir='ltr'>Pontificem</span> <span class='ocrx_word' id='word_1_135' title='bbox 2284 3213 2731 3300; x_wconf 84' lang='lat' dir='ltr'>principaliter</span> <span class='ocrx_word' id='word_1_136' title='bbox 2790 3213 2859 3276; x_wconf 87' lang='lat' dir='ltr'>et</span> <span class='ocrx_word' id='word_1_137' title='bbox 2882 3205 3171 3324; x_wconf 39' lang='lat' dir='ltr'>&amp;exauda-</span> 
     </span>
     <span class='ocr_line' id='line_1_21' title="bbox 785 3273 3165 3408; baseline -0 -28"><span class='ocrx_word' id='word_1_138' title='bbox 785 3313 1140 3402; x_wconf 79' lang='lat' dir='ltr'>specialiter</span> <span class='ocrx_word' id='word_1_139' title='bbox 1181 3317 1602 3384; x_wconf 85' lang='lat' dir='ltr'>constituerit</span> <span class='ocrx_word' id='word_1_140' title='bbox 1647 3315 1975 3382; x_wconf 86' lang='lat' dir='ltr'>Dominus</span> <span class='ocrx_word' id='word_1_141' title='bbox 2024 3315 2269 3384; x_wconf 85' lang='lat' dir='ltr'>eisdem</span> <span class='ocrx_word' id='word_1_142' title='bbox 2310 3315 2385 3382; x_wconf 87' lang='lat' dir='ltr'>in</span> <span class='ocrx_word' id='word_1_143' title='bbox 2422 3315 2751 3406; x_wconf 83' lang='lat' dir='ltr'>refugium</span> <span class='ocrx_word' id='word_1_144' title='bbox 2792 3317 2865 3380; x_wconf 89' lang='lat' dir='ltr'>et</span> <span class='ocrx_word' id='word_1_145' title='bbox 2886 3273 3095 3408; x_wconf 46' lang='lat' dir='ltr'>Pasini.</span> <span class='ocrx_word' id='word_1_146' title='bbox 3120 3357 3165 3402; x_wconf 46' lang='lat'>4·</span> 
     </span>
     <span class='ocr_line' id='line_1_22' title="bbox 783 3419 2865 3506; baseline 0.002 -24"><span class='ocrx_word' id='word_1_147' title='bbox 783 3423 1222 3506; x_wconf 80' lang='lat' dir='ltr'>protectorem,</span> <span class='ocrx_word' id='word_1_148' title='bbox 1289 3425 1370 3486; x_wconf 89' lang='lat' dir='ltr'>ut</span> <span class='ocrx_word' id='word_1_149' title='bbox 1439 3419 1562 3486; x_wconf 90' lang='lat' dir='ltr'>sub</span> <span class='ocrx_word' id='word_1_150' title='bbox 1625 3419 1744 3486; x_wconf 83' lang='lat' dir='ltr'>alis</span> <span class='ocrx_word' id='word_1_151' title='bbox 1803 3421 2043 3486; x_wconf 81' lang='lat' dir='ltr'>vestris</span> <span class='ocrx_word' id='word_1_152' title='bbox 2106 3419 2453 3486; x_wconf 84' lang='lat' dir='ltr'>foveantur</span> <span class='ocrx_word' id='word_1_153' title='bbox 2514 3421 2597 3486; x_wconf 83' lang='lat' dir='ltr'>acl</span> <span class='ocrx_word' id='word_1_154' title='bbox 2658 3419 2865 3486; x_wconf 81' lang='lat' dir='ltr'>incre-</span> 
     </span>
     <span class='ocr_line' id='line_1_23' title="bbox 787 3523 2865 3612; baseline 0 -25"><span class='ocrx_word' id='word_1_155' title='bbox 787 3527 998 3588; x_wconf 83' lang='lat' dir='ltr'>menta</span> <span class='ocrx_word' id='word_1_156' title='bbox 1061 3523 1380 3590; x_wconf 83' lang='lat' dir='ltr'>bonorum</span> <span class='ocrx_word' id='word_1_157' title='bbox 1443 3529 1514 3588; x_wconf 90' lang='lat' dir='ltr'>et</span> <span class='ocrx_word' id='word_1_158' title='bbox 1571 3527 2005 3612; x_wconf 83' lang='lat' dir='ltr'>protegantur</span> <span class='ocrx_word' id='word_1_159' title='bbox 2064 3529 2291 3590; x_wconf 87' lang='lat' dir='ltr'>contra</span> <span class='ocrx_word' id='word_1_160' title='bbox 2350 3523 2865 3590; x_wconf 81' lang='lat' dir='ltr'>machinationes</span> 
     </span>
     <span class='ocr_line' id='line_1_24' title="bbox 785 3627 2863 3716; baseline 0 -26"><span class='ocrx_word' id='word_1_161' title='bbox 785 3627 1100 3692; x_wconf 84' lang='lat' dir='ltr'>malorum.</span> <span class='ocrx_word' id='word_1_162' title='bbox 1217 3627 1330 3692; x_wconf 86' lang='lat' dir='ltr'>Ad</span> <span class='ocrx_word' id='word_1_163' title='bbox 1421 3631 1708 3692; x_wconf 84' lang='lat' dir='ltr'>vestram</span> <span class='ocrx_word' id='word_1_164' title='bbox 1801 3627 2169 3716; x_wconf 86' lang='lat' dir='ltr'>specialiter</span> <span class='ocrx_word' id='word_1_165' title='bbox 2258 3633 2327 3694; x_wconf 90' lang='lat' dir='ltr'>et</span> <span class='ocrx_word' id='word_1_166' title='bbox 2416 3627 2863 3716; x_wconf 84' lang='lat' dir='ltr'>principaliter</span> 
     </span>
     <span class='ocr_line' id='line_1_25' title="bbox 783 3729 2859 3818; baseline 0 -26"><span class='ocrx_word' id='word_1_167' title='bbox 783 3733 1020 3816; x_wconf 85' lang='lat' dir='ltr'>spectat</span> <span class='ocrx_word' id='word_1_168' title='bbox 1077 3729 1584 3796; x_wconf 85' lang='lat' dir='ltr'>sollicitudinem</span> <span class='ocrx_word' id='word_1_169' title='bbox 1643 3735 1834 3798; x_wconf 85' lang='lat' dir='ltr'>tanta</span> <span class='ocrx_word' id='word_1_170' title='bbox 1877 3733 1951 3796; x_wconf 88' lang='lat' dir='ltr'>in</span> <span class='ocrx_word' id='word_1_171' title='bbox 2006 3733 2097 3798; x_wconf 88' lang='lat' dir='ltr'>eis</span> <span class='ocrx_word' id='word_1_172' title='bbox 2160 3735 2227 3798; x_wconf 90' lang='lat' dir='ltr'>et</span> <span class='ocrx_word' id='word_1_173' title='bbox 2286 3753 2403 3818; x_wconf 85' lang='lat' dir='ltr'>per</span> <span class='ocrx_word' id='word_1_174' title='bbox 2446 3753 2553 3796; x_wconf 89' lang='lat' dir='ltr'>eos</span> <span class='ocrx_word' id='word_1_175' title='bbox 2596 3731 2667 3794; x_wconf 88' lang='lat' dir='ltr'>in</span> <span class='ocrx_word' id='word_1_176' title='bbox 2712 3729 2859 3794; x_wconf 88' lang='lat' dir='ltr'>aliis</span> 
     </span>
     <span class='ocr_line' id='line_1_26' title="bbox 783 3833 2857 3922; baseline 0 -24"><span class='ocrx_word' id='word_1_177' title='bbox 783 3855 908 3898; x_wconf 89' lang='lat' dir='ltr'>non</span> <span class='ocrx_word' id='word_1_178' title='bbox 947 3835 1158 3900; x_wconf 87' lang='lat' dir='ltr'>solum</span> <span class='ocrx_word' id='word_1_179' title='bbox 1199 3835 1524 3912; x_wconf 85' lang='lat' dir='ltr'>inchoata,</span> <span class='ocrx_word' id='word_1_180' title='bbox 1577 3835 1692 3900; x_wconf 85' lang='lat' dir='ltr'>sed</span> <span class='ocrx_word' id='word_1_181' title='bbox 1755 3839 1822 3900; x_wconf 88' lang='lat' dir='ltr'>et</span> <span class='ocrx_word' id='word_1_182' title='bbox 1881 3835 2245 3922; x_wconf 82' lang='lat' dir='ltr'>plurimum</span> <span class='ocrx_word' id='word_1_183' title='bbox 2300 3839 2607 3922; x_wconf 80' lang='lat' dir='ltr'>provecta</span> <span class='ocrx_word' id='word_1_184' title='bbox 2666 3833 2857 3912; x_wconf 86' lang='lat' dir='ltr'>bona,</span> 
     </span>
     <span class='ocr_line' id='line_1_27' title="bbox 781 3937 2863 4024; baseline 0 -22"><span class='ocrx_word' id='word_1_185' title='bbox 781 3939 860 4002; x_wconf 82' lang='lat' dir='ltr'>ad</span> <span class='ocrx_word' id='word_1_186' title='bbox 909 3937 1216 4024; x_wconf 86' lang='lat' dir='ltr'>ampliora</span> <span class='ocrx_word' id='word_1_187' title='bbox 1261 3939 1664 4004; x_wconf 88' lang='lat' dir='ltr'>incrementa</span> <span class='ocrx_word' id='word_1_188' title='bbox 1713 3939 2071 4018; x_wconf 83' lang='lat' dir='ltr'>confovere,</span> <span class='ocrx_word' id='word_1_189' title='bbox 2118 3943 2189 4004; x_wconf 89' lang='lat' dir='ltr'>et</span> <span class='ocrx_word' id='word_1_190' title='bbox 2232 3937 2647 4004; x_wconf 85' lang='lat' dir='ltr'>imminentia</span> <span class='ocrx_word' id='word_1_191' title='bbox 2688 3939 2863 4002; x_wconf 82' lang='lat' dir='ltr'>mala</span> 
     </span>
     <span class='ocr_line' id='line_1_28' title="bbox 787 4039 2863 4130; baseline 0.001 -26"><span class='ocrx_word' id='word_1_192' title='bbox 787 4041 1318 4128; x_wconf 82' lang='lat' dir='ltr'>adversantiaque</span> <span class='ocrx_word' id='word_1_193' title='bbox 1381 4041 1590 4106; x_wconf 85' lang='lat' dir='ltr'>tantis</span> <span class='ocrx_word' id='word_1_194' title='bbox 1637 4041 1830 4108; x_wconf 87' lang='lat' dir='ltr'>bonis</span> <span class='ocrx_word' id='word_1_195' title='bbox 1877 4041 2081 4130; x_wconf 86' lang='lat' dir='ltr'>clipeo</span> <span class='ocrx_word' id='word_1_196' title='bbox 2136 4047 2369 4108; x_wconf 77' lang='lat' dir='ltr'>vestrae</span> <span class='ocrx_word' id='word_1_197' title='bbox 2434 4039 2863 4128; x_wconf 88' lang='lat' dir='ltr'>protectionis</span> 
     </span>
     <span class='ocr_line' id='line_1_29' title="bbox 785 4143 2863 4232; baseline 0.001 -24"><span class='ocrx_word' id='word_1_198' title='bbox 785 4143 1124 4212; x_wconf 84' lang='lat' dir='ltr'>excludere.</span> <span class='ocrx_word' id='word_1_199' title='bbox 1235 4143 1422 4210; x_wconf 85' lang='lat' dir='ltr'>Licet</span> <span class='ocrx_word' id='word_1_200' title='bbox 1481 4145 1706 4232; x_wconf 88' lang='lat' dir='ltr'>itaque</span> <span class='ocrx_word' id='word_1_201' title='bbox 1775 4145 2105 4232; x_wconf 71' lang='lat' dir='ltr'>praedictis</span> <span class='ocrx_word' id='word_1_202' title='bbox 2166 4145 2481 4212; x_wconf 83' lang='lat' dir='ltr'>fratribus</span> <span class='ocrx_word' id='word_1_203' title='bbox 2546 4145 2863 4230; x_wconf 87' lang='lat' dir='ltr'>praedicta</span> 
     </span>
     <span class='ocr_line' id='line_1_30' title="bbox 785 4247 2863 4338; baseline 0.002 -28"><span class='ocrx_word' id='word_1_204' title='bbox 785 4247 1064 4312; x_wconf 87' lang='lat' dir='ltr'>debeatis</span> <span class='ocrx_word' id='word_1_205' title='bbox 1129 4247 1496 4334; x_wconf 87' lang='lat' dir='ltr'>specialiter</span> <span class='ocrx_word' id='word_1_206' title='bbox 1559 4271 1640 4314; x_wconf 80' lang='lat' dir='ltr'>ex</span> <span class='ocrx_word' id='word_1_207' title='bbox 1715 4249 2101 4336; x_wconf 84' lang='lat' dir='ltr'>protectoris</span> <span class='ocrx_word' id='word_1_208' title='bbox 2178 4247 2405 4326; x_wconf 87' lang='lat' dir='ltr'>officio,</span> <span class='ocrx_word' id='word_1_209' title='bbox 2482 4269 2601 4314; x_wconf 89' lang='lat' dir='ltr'>nec</span> <span class='ocrx_word' id='word_1_210' title='bbox 2674 4253 2863 4338; x_wconf 80' lang='lat' dir='ltr'>egeat</span> 
     </span>
     <span class='ocr_line' id='line_1_31' title="bbox 781 4349 2865 4438; baseline 0.003 -24"><span class='ocrx_word' id='word_1_211' title='bbox 781 4355 1004 4416; x_wconf 75' lang='lat' dir='ltr'>vestrae</span> <span class='ocrx_word' id='word_1_212' title='bbox 1051 4349 1420 4416; x_wconf 83' lang='lat' dir='ltr'>sanctitatis</span> <span class='ocrx_word' id='word_1_213' title='bbox 1465 4353 1646 4418; x_wconf 86' lang='lat' dir='ltr'>zelus</span> <span class='ocrx_word' id='word_1_214' title='bbox 1693 4351 2265 4418; x_wconf 83' lang='lat' dir='ltr'>exhortationibus</span> <span class='ocrx_word' id='word_1_215' title='bbox 2310 4375 2423 4418; x_wconf 90' lang='lat' dir='ltr'>seu</span> <span class='ocrx_word' id='word_1_216' title='bbox 2462 4353 2763 4438; x_wconf 89' lang='lat' dir='ltr'>precibus</span> <span class='ocrx_word' id='word_1_217' title='bbox 2790 4355 2865 4420; x_wconf 87' lang='lat' dir='ltr'>in</span> 
     </span>
     <span class='ocr_line' id='line_1_32' title="bbox 781 4451 2863 4542; baseline 0.003 -24"><span class='ocrx_word' id='word_1_218' title='bbox 781 4451 892 4520; x_wconf 83' lang='lat' dir='ltr'>hac</span> <span class='ocrx_word' id='word_1_219' title='bbox 961 4459 1148 4542; x_wconf 84' lang='lat' dir='ltr'>parte</span> <span class='ocrx_word' id='word_1_220' title='bbox 1223 4455 1568 4536; x_wconf 85' lang='lat' dir='ltr'>stimulari,</span> <span class='ocrx_word' id='word_1_221' title='bbox 1647 4479 1796 4522; x_wconf 86' lang='lat' dir='ltr'>cum</span> <span class='ocrx_word' id='word_1_222' title='bbox 1867 4457 2007 4542; x_wconf 85' lang='lat' dir='ltr'>ipse</span> <span class='ocrx_word' id='word_1_223' title='bbox 2080 4455 2599 4522; x_wconf 84' lang='lat' dir='ltr'>ferventissimus</span> <span class='ocrx_word' id='word_1_224' title='bbox 2686 4459 2863 4524; x_wconf 84' lang='lat' dir='ltr'>zelus</span> 
     </span>
     <span class='ocr_line' id='line_1_33' title="bbox 783 4557 2863 4648; baseline 0.002 -26"><span class='ocrx_word' id='word_1_225' title='bbox 783 4563 988 4626; x_wconf 84' lang='lat' dir='ltr'>vester</span> <span class='ocrx_word' id='word_1_226' title='bbox 1031 4557 1118 4624; x_wconf 87' lang='lat' dir='ltr'>sit</span> <span class='ocrx_word' id='word_1_227' title='bbox 1163 4557 1490 4626; x_wconf 89' lang='lat' dir='ltr'>sufficiens</span> <span class='ocrx_word' id='word_1_228' title='bbox 1551 4561 1856 4626; x_wconf 83' lang='lat' dir='ltr'>stimulus</span> <span class='ocrx_word' id='word_1_229' title='bbox 1919 4557 2049 4626; x_wconf 83' lang='lat' dir='ltr'>sibi</span> <span class='ocrx_word' id='word_1_230' title='bbox 2112 4559 2257 4648; x_wconf 84' lang='lat' dir='ltr'>ipsi,</span> <span class='ocrx_word' id='word_1_231' title='bbox 2304 4581 2439 4626; x_wconf 91' lang='lat' dir='ltr'>non</span> <span class='ocrx_word' id='word_1_232' title='bbox 2482 4565 2701 4646; x_wconf 87' lang='lat' dir='ltr'>potest</span> <span class='ocrx_word' id='word_1_233' title='bbox 2762 4567 2863 4626; x_wconf 84' lang='lat' dir='ltr'>ta-</span> 
     </span>
     <span class='ocr_line' id='line_1_34' title="bbox 783 4663 2865 4752; baseline -0.001 -22"><span class='ocrx_word' id='word_1_234' title='bbox 783 4683 924 4732; x_wconf 85' lang='lat' dir='ltr'>men</span> <span class='ocrx_word' id='word_1_235' title='bbox 977 4665 1246 4730; x_wconf 86' lang='lat' dir='ltr'>affectus</span> <span class='ocrx_word' id='word_1_236' title='bbox 1295 4687 1492 4744; x_wconf 88' lang='lat' dir='ltr'>meus,</span> <span class='ocrx_word' id='word_1_237' title='bbox 1541 4689 1734 4752; x_wconf 89' lang='lat' dir='ltr'>quem</span> <span class='ocrx_word' id='word_1_238' title='bbox 1781 4665 1864 4730; x_wconf 85' lang='lat' dir='ltr'>ad</span> <span class='ocrx_word' id='word_1_239' title='bbox 1921 4665 2229 4752; x_wconf 67' lang='lat' dir='ltr'>praefatos</span> <span class='ocrx_word' id='word_1_240' title='bbox 2284 4663 2521 4728; x_wconf 77' lang='lat' dir='ltr'>fratres</span> <span class='ocrx_word' id='word_1_241' title='bbox 2562 4687 2697 4730; x_wconf 88' lang='lat' dir='ltr'>non</span> <span class='ocrx_word' id='word_1_242' title='bbox 2742 4665 2865 4728; x_wconf 88' lang='lat' dir='ltr'>im-</span> 
     </span>
    </p>
   </div>
   <div class='ocr_carea' id='block_1_6' title="bbox 787 4767 2863 4862">
    <p class='ocr_par' dir='ltr' id='par_1_6' title="bbox 787 4767 2863 4862">
     <span class='ocr_line' id='line_1_35' title="bbox 787 4767 2863 4862; baseline -0.003 -24"><span class='ocrx_word' id='word_1_243' title='bbox 787 4771 1010 4840; x_wconf 86' lang='lat' dir='ltr'>merito</span> <span class='ocrx_word' id='word_1_244' title='bbox 1053 4791 1222 4862; x_wconf 82' lang='lat' dir='ltr'>gere,</span> <span class='ocrx_word' id='word_1_245' title='bbox 1257 4771 1460 4850; x_wconf 82' lang='lat' dir='ltr'>silere,</span> <span class='ocrx_word' id='word_1_246' title='bbox 1493 4767 1606 4838; x_wconf 89' lang='lat' dir='ltr'>sed</span> <span class='ocrx_word' id='word_1_247' title='bbox 1643 4769 1820 4860; x_wconf 85' lang='lat' dir='ltr'>cogit</span> <span class='ocrx_word' id='word_1_248' title='bbox 1861 4767 2149 4858; x_wconf 83' lang='lat' dir='ltr'>seipsum</span> <span class='ocrx_word' id='word_1_249' title='bbox 2192 4767 2583 4856; x_wconf 85' lang='lat' dir='ltr'>paternitati</span> <span class='ocrx_word' id='word_1_250' title='bbox 2624 4769 2863 4836; x_wconf 75' lang='lat' dir='ltr'>vestrae</span> 
     </span>
    </p>
   </div>
  </div>
 </body>
</html>
