3875 5734
1589 783 1953 836 EPISTOLAE.
2692 763 2823 834 393

723 959 1130 1046 castigandae,
1163 963 1234 1024 et
1277 957 1724 1026 informandae.
1819 957 2121 1044 Cumque
2166 961 2305 1026 sint
2336 959 2475 1026 dati
2520 961 2595 1024 in
2636 953 2825 1040 adju-

721 1065 978 1140 tor-ium,
1023 1063 1154 1150 ipsi
1197 1083 1334 1128 non
1379 1065 1538 1128 sunt
1603 1063 1995 1150 principales
2058 1067 2445 1148 operatoreS,
2490 1065 2605 1130 sed
2646 1059 2827 1152 prin-

721 1167 944 1254 cipalis
989 1167 1350 1252 operatoris
1407 1189 1502 1232 co·
1515 1171 1900 1254 operatores,
1994 1165 2127 1230 Sed
2144 1163 2167 1202 ¹
2216 1167 2361 1252 quis
2424 1167 2829 1256 co-operator

721 1273 1124 1356 operatorem
1187 1267 1616 1356 principalem
1681 1269 1766 1334 ab
1831 1291 2023 1356 opere
2088 1289 2207 1334 suo
2268 1269 2571 1356 repellit?
2662 1269 2827 1350 Quae

723 1395 888 1440 uxor
961 1371 1224 1460 repellit
1295 1373 1518 1438 virum
1599 1395 1640 1436 a
1731 1371 2133 1458 procreando
2208 1371 2475 1458 prolem,
2554 1397 2667 1440 seu
2742 1377 2829 1442 ab

723 1475 1076 1554 educandO,
1125 1475 1524 1564 castigando,
1573 1479 1640 1542 et
1685 1475 2099 1542 informando
2118 1473 2145 1512 2
2190 1475 2457 1562 prolem,
2502 1497 2703 1562 quam
2748 1479 2829 1546 de

723 1581 864 1666 ipso
909 1579 1256 1666 concepit?
1349 1579 1512 1662 Quae
1549 1601 1720 1646 uxor
1765 1581 1985 1662 etiam,
2032 1581 2165 1644 nisi
2196 1599 2515 1666 perversa,
2548 1581 2679 1646 viri
2724 1585 2829 1648 sui

721 1683 944 1750 renuit
989 1681 1376 1764 doctrinam,
1425 1683 1856 1772 disciplinam,
1923 1688 1993 1749 et
2058 1683 2577 1750 correctionem?
2664 1683 2829 1764 Quae

715 1787 962 1866 mulier,
1009 1785 1140 1852 nisi
1187 1785 1360 1854 forte
1403 1787 1622 1852 minus
1671 1791 1864 1866 casta,
1917 1787 2065 1854 vult
2112 1809 2387 1854 camerae
2454 1809 2591 1854 suae
2652 1789 2823 1854 inte-

709 1891 880 1956 riora
955 1891 1098 1956 viro
1173 1911 1312 1956 esse
1387 1889 1820 1956 abscondita?
1911 1889 2043 1956 Sed
2118 1893 2259 1956 haec
2312 1895 2381 1956 et
2424 1889 2529 1956 his
2576 1891 2819 1956 similia

707 1993 956 2058 faciunt
997 1995 1072 2058 in
1117 1993 1522 2080 adjutorium
1553 1995 1836 2080 episcopi
1865 1993 2165 2078 adjuncti
2194 1993 2469 2080 praelati,
2502 2015 2655 2058 cum
2700 2015 2819 2060 nec

709 2119 776 2164 se
823 2097 994 2184 ipsos
1039 2119 1162 2164 nec
1209 2119 1360 2162 suos
1405 2097 1704 2162 subditos
1765 2097 2097 2164 sustinent
2166 2097 2247 2162 ab
2320 2097 2617 2186 episcopo
2658 2099 2817 2164 visi-

709 2201 854 2278 tari,
889 2201 1144 2286 corripi,
1181 2207 1252 2268 et
1295 2199 1650 2266 reformari.
1679 2261 1688 2268 .
1742 2201 2073 2268 Praeterea
2118 2201 2175 2266 si
2218 2205 2365 2266 tota
2400 2203 2819 2290 congregatio

711 2303 1002 2370 omnium
1081 2305 1454 2370 animarum
1527 2305 1736 2370 totius
1827 2303 2121 2370 dioecesis
2184 2301 2603 2392 intelligatur
2646 2305 2821 2372 sicut

707 2409 966 2494 integra
1007 2429 1248 2494 sponsa
1293 2409 1596 2494 episcopi,
1643 2411 1808 2472 tunc
1855 2408 2221 2494 capitulum
2268 2407 2553 2474 ecclesiae
2598 2409 2819 2474 cathe-

711 2507 944 2574 dralis³
987 2511 1116 2576 erit
1161 2511 1336 2576 sicut
1379 2511 1658 2598 integrae
1713 2531 1971 2598 sponsae
2014 2511 2123 2576 vel
2188 2515 2387 2598 caput
2432 2511 2545 2576 vel
2608 2509 2819 2578 facies.

711 2611 874 2680 Sed⁴
951 2613 1100 2700 quis
1181 2637 1456 2702 sponsus
1515 2607 1748 2680 faciem
1809 2613 2097 2678 maxime
2158 2635 2413 2700 sponsae
2472 2637 2609 2680 suae
2682 2637 2821 2682 non
2844 2615 2925 2668 As
2946 2635 2979 2668 a

707 2721 924 2804 potest
965 2717 1216 2782 nudam
1259 2723 1332 2784 et
1373 2739 1504 2784 non
1555 2717 1844 2782 velatam
1875 2717 2259 2802 conspicere,
2298 2721 2363 2780 et
2408 2717 2817 2784 considerare
2840 2685 3105 2804 ἒξέῑξὲζῗο

711 2841 794 2886 ne
837 2819 1004 2886 forte
1049 2819 1302 2906 aliquid
1367 2821 1458 2886 sit
1511 2817 1860 2886 indecens⁵
1915 2819 1989 2884 in
2042 2819 2187 2906 ipsa
2240 2817 2421 2900 facie,
2472 2823 2543 2886 et
2604 2805 2817 2908 ipsam
2840 2819 2973 2910 have,
2994 2821 3073 2872 his

713 2923 1168 3002 indecentiam,
1265 2923 1324 2988 si
1397 2925 1674 2988 inventa
1745 2921 1967 3004 fuerit,
2036 2923 2403 3010 corrigere?
2492 2923 2821 3012 Nunquid
2842 2889 3135 3006 {lgefsselsser'

717 3049 852 3090 non
917 3027 1138 3112 sponsi
1193 3031 1296 3092 est
1349 3027 1758 3092 considerare
1811 3027 1884 3092 in
1952 3027 2115 3090 facie
2184 3047 2435 3112 sponsae
2502 3049 2591 3090 an
2652 3031 2823 3096 forte
2844 3023 2977 3102 frofn
3000 3025 3069 3074 all

719 3129 900 3196 oculo
971 3151 1142 3216 vago
1231 3135 1302 3196 et
1391 3129 1832 3196 incontinenti
1907 3129 2229 3216 respiciat,
2324 3135 2445 3194 aut
2518 3131 2817 3198 auditum
2846 3097 3075 3210 ῗέὲὲὶὲἓ

719 3233 1020 3322 turpibus
1067 3233 1380 3300 affatibus
1421 3235 1734 3322 praebeat,
1781 3237 1902 3300 aut
1931 3233 2227 3322 linguam
2272 3235 2455 3300 laxet
2500 3235 2589 3300 ad
2640 3237 2823 3304 inde·
2844 3225 3139 3344 bi⁸¹11⁰Pfthfi

719 3343 938 3402 centes
1013 3359 1360 3414 sermoneS,
1417 3341 1538 3402 aut
1627 3337 1702 3404 in
1775 3337 1914 3402 risu
1988 3359 2215 3402 vocem
2288 3339 2531 3402 inaltet
2606 3345 2677 3404 et
2750 3363 2821 3406 os
2844 3307 3153 3426 ia‘i'gdigeeze,

719 3439 1126 3528 distorqueat
1193 3439 1568 3506 cachinnis?
1657 3441 1750 3504 Et
1811 3441 1868 3504 si
1931 3439 2211 3506 inventa
2282 3441 2533 3506 fuerint
2594 3441 2817 3530 hujus·
2840 3429 3107 3546 ssffllestll‘lss·

719 3543 908 3622 modi,
959 3543 1106 3630 quis
1147 3545 1248 3608 ita
1291 3547 1370 3608 ut
1415 3565 1688 3632 sponsus
1747 3549 2015 3612 tenetur
2082 3567 2161 3610 ea
2220 3547 2561 3632 corripere,
2624 3549 2817 3612 corri-
2840 3513 3093 3614 cathgdral

705 3661 884 3734 gere,
929 3653 998 3714 et
1041 3647 1444 3714 reformare?
1515 3645 1622 3714 Et,
1683 3647 1738 3714 si
1801 3669 1965 3736 opus
2030 3651 2149 3730 est,
2218 3671 2333 3734 per
2400 3647 2813 3736 disciplinam
2838 3629 3057 3692 chapter.

719 3751 1074 3832 verberum,
1151 3751 1208 3816 si
1283 3751 1452 3818 forte
1519 3775 1652 3818 non
1715 3751 1993 3820 sufficiat
2058 3753 2401 3840 disciplina
2442 3753 2807 3818 verborum.

719 3855 890 3920 Item
935 3855 992 3922 si
1037 3861 1184 3920 tota
1225 3857 1644 3942 congregatio
1689 3857 2057 3924 animarum
2108 3857 2519 3944 episcopatus
2564 3855 2811 3922 intelli-

715 3965 908 4046 gatur
971 3961 1230 4048 integra
1295 3981 1530 4046 sponsa
1591 3961 1886 4048 episcopi,
1954 3963 2061 4026 cui
2122 3961 2453 4048 episcopus
2514 3959 2805 4026 diversos

715 4063 1002 4140 tradidit,
1055 4063 1240 4128 velut
1305 4063 1786 4150 paranymphos
1847 4065 1918 4128 et
1940 4061 1965 4098 ⁶
2046 4063 2343 4128 custodes
2432 4067 2501 4128 et
2574 4063 2801 4128 minis-

717 4173 990 4234 tratores
1055 4167 1406 4248 inferiores»,
1495 4167 1816 4248 videlicet,
1879 4167 2199 4256 praelatOS,
2274 4167 2575 4254 nunquid
2642 4167 2799 4254 quia

785 4535 800 4564 ¹
835 4533 944 4602 sed]
981 4533 1040 4596 si,
1065 4531 1262 4596 0.C.C.,
1283 4531 1426 4584 Tria.
1875 4533 1896 4562 ⁴
1929 4533 2069 4582 Trin.
2090 4531 2273 4584 inserts
2312 4533 2373 4584 si.

785 4615 806 4644 2
837 4613 1164 4680 injormando]
1199 4613 1546 4674 ministrando,
1569 4611 1710 4666 Trin,
1877 4613 1898 4644 ⁵
1929 4611 2175 4680 indecens]
2212 4613 2453 4674 videntes»,
2474 4611 2617 4662 Trin.

787 4695 806 4722 ³
837 4693 1154 4762 cathedralis]
1193 4695 1428 4756 totaliter,
1451 4693 1634 4746 C.C.c.
1877 4695 1898 4724 ⁶
1929 4695 1999 4760 et]
2036 4701 2107 4756 ut,
2130 4693 2313 4746 0.C.C.
