3875 5734
1043 781 1172 846 434
1693 795 1993 846 Bonnam
2040 799 2497 852 Gnossn'rsssrn

1043 973 1228 1062 cujus
1271 979 1512 1062 typum
1557 979 1626 1040 et
1667 997 2013 1062 personam
2052 975 2337 1042 maxime
2376 979 2549 1062 gerit
2576 979 2651 1042 in
2682 977 3135 1046 ecclesiastica¹

1041 1079 1406 1146 hierarchia
1463 1077 1766 1146 dominus
1813 1079 2005 1168 Papa,
2056 1101 2337 1146 consona
2396 1083 2465 1144 et
2526 1081 2883 1146 conformia
2892 1081 2933 1146 ².
3022 1083 3137 1146 Ait

711 1197 932 1278 S3·Matt.
1041 1185 1218 1252 enim
1249 1185 1404 1274 Ipse
1421 1183 1448 1222 ⁸
1477 1183 1806 1252 Dominus
1847 1191 2073 1252 noster
2100 1185 2147 1250 J
2150 1207 2297 1252 esus
2330 1181 2649 1262 Christus„
2684 1183 2825 1266 Qui
2866 1205 3013 1250 ‘non
3054 1191 3141 1252 cst

709 1283 802 1318 ΧΠ·
827 1275 908 1318 3⁰·
1039 1311 1320 1372 mecum,
1367 1295 1604 1356 contra
1641 1311 1748 1358 mc
1807 1295 1900 1356 cst
1915 1315 1945 1370 ,·
1990 1293 2217 1356 contra
2280 1289 2511 1376 Ipsum
2562 1293 2787 1354 autem
2806 1287 2833 1326 ⁴
2884 1311 3003 1354 nec
3046 1293 3141 1356 cst

1041 1415 1160 1458 nec
1205 1413 1340 1460 esse
1385 1397 1604 1482 potest
1649 1393 2045 1482 Apostolicae
2106 1393 2277 1458 sedis
2338 1391 2651 1458 sanctitas
2714 1391 3137 1458 divinissima.

1045 1497 1204 1564 Non
1249 1505 1352 1564 est
1391 1497 1600 1584 igitur
1643 1497 1971 1586 praedictae
1998 1497 2213 1562 literae
2256 1501 2449 1562 tenor
2476 1493 2873 1584 Apostolicae
2906 1497 3143 1562 sancti-

1045 1603 1176 1668 tati
1217 1623 1556 1682 consonus,
1601 1603 1718 1668 sed
1761 1601 2043 1668 absonus
2084 1601 2443 1686 plurimum
2474 1605 2547 1666 et
2592 1599 2871 1684 discors3
2914 1599 3137 1688 prim0,

1047 1707 1204 1792 quia
1257 1707 1336 1772 de
1393 1705 1574 1770 illius
1617 1705 1826 1770 literae
1885 1711 1955 1770 et
1998 1705 2273 1770 aliarum
2294 1701 2323 1740 ⁵
2368 1703 2433 1770 ei
2476 1705 2913 1770 consimilium
2954 1705 3141 1792 longe

1045 1809 1308 1896 lateque
1351 1809 1786 1896 dispersarum
1829 1809 2433 1894 superaccumulato
2460 1807 2541 1874 N
2534 1831 2625 1874 οη
2670 1809 2981 1896 obstante,
3012 1831 3143 1874 non

1049 1935 1134 1978 ex
1161 1911 1326 1998 legis
1367 1911 1682 1978 naturalis
1727 1910 2155 1980 observandae
2184 1911 2567 1980 necessitate
2610 1911 2895 1992 inductO,
2940 1917 3143 1980 scatet

1049 2015 1478 2102 cataclysmus
1523 2015 2001 2100 inconstantiae,
2034 2017 2343 2098 audaciae,
2376 2021 2447 2082 et
2490 2017 2903 2106 procacitatis
2946 2019 3141 2082 etiam

1049 2119 1502 2184 inverecundae
1521 2117 1550 2156 ⁶
1607 2121 1973 2186 mentiendi
2036 2125 2103 2186 et
2178 2121 2465 2202 fallendi,
2556 2121 2935 2212 diffidentiae
3012 2123 3140 2190 oui-

1049 2245 1246 2308 quam
1263 2223 1290 2262 ⁷
1335 2223 1642 2290 credendi
1669 2223 1778 2290 vel
1817 2223 2019 2290 fidem
2062 2223 2437 2304 adhibendi,
2484 2229 2553 2292 et
2568 2223 2595 2262 ⁸
2640 2247 2725 2290 ex
2776 2225 2881 2290 his
2924 2247 3141 2292 conse-

1045 2325 1394 2412 quentium
1423 2327 1754 2408 vitiorum,
1787 2351 2067 2414 quorum
2094 2351 2231 2394 non
2262 2333 2363 2394 est
2392 2351 2719 2410 numeruS,
2754 2327 3141 2394 Christianae

1043 2429 1376 2518 religionis
1435 2431 1798 2516 puritatem
1843 2437 1912 2496 et
1956 2433 2209 2498 socialis
2252 2431 2765 2498 conversationis
2808 2433 3141 2496 hominum

1043 2535 1594 2622 tranquillitatem
1653 2557 2067 2602 commovens
2126 2541 2195 2600 et
2254 2535 2647 2622 perturbans
2670 2533 2711 2600 ⁹.
2804 2535 3139 2612 Praeterea,

1045 2643 1192 2726 post
1259 2642 1598 2728 peccatum
1643 2639 1943 2718 Luciferi,
1990 2639 2169 2726 quod
2230 2637 2405 2706 idem
2448 2639 2577 2704 erit
2644 2639 2715 2704 in
2778 2637 2909 2706 fine
2976 2643 3141 2706 tem-

707 2749 736 2790 2
773 2745 946 2796 Thess.
969 2745 1024 2798 ii.
1047 2765 1280 2832 porum
1355 2743 1564 2832 ipsius
1623 2743 1748 2808 filii
1805 2743 2193 2830 perditionis
2238 2741 2655 2826 Antichristi,
2698 2763 2895 2830 quem
2934 2743 3145 2808 imer-

713 2817 758 2862 θ’
1033 2847 1224 2934 ficiet
1253 2845 1598 2914 Dominus
1625 2847 1684 2916 J
1679 2869 1828 2914 esus
1871 2845 2133 2934 spiritu
2176 2843 2319 2912 orbs
2344 2845 2477 2928 sui,
2518 2869 2651 2912 non
2696 2851 2813 2930 est,
2846 2869 2961 2914 nec
3008 2867 3139 2910 esse

1045 2955 1264 3040 potest
1323 2951 1606 3018 alterum
1671 2973 1880 3038 genus
1956 2949 2205 3036 peccati
2262 2953 2407 3014 tam
2450 2949 2797 3016 adversum
2864 2957 2931 3016 et
2992 2971 3139 3016 con-

1039 3055 1318 3122 trarium
1361 3053 1828 3142 Apostolorum
1847 3051 1898 3090 ¹⁰
1944 3053 2259 3120 doctrinae
2304 3059 2373 3120 et
2420 3053 2845 3142 Evangelicae,
2892 3057 2961 3120 et
3006 3053 3143 3142 Ipsi

1045 3159 1330 3224 Domino
1407 3159 1456 3224 J
1457 3181 1570 3224 esu
1647 3157 1910 3226 Christo
1984 3163 2125 3224 tam
2202 3155 2459 3240 odibile,
2538 3157 2937 3240 detestabile,
3004 3161 3069 3222 et
3090 3155 3135 3192 ¹¹

1043 3261 1496 3344 abominabile,
1527 3267 1594 3330 et
1637 3261 1926 3330 humano
1970 3261 2195 3350 generi
2238 3267 2379 3330 tam
2424 3261 2829 3350 pernecabile
2844 3259 2913 3342 ¹2,
2944 3283 3139 3348 quam

1043 3367 1294 3432 animas
1337 3387 1512 3432 curae
1557 3367 1900 3454 pastoralis
1940 3365 2149 3432 officio
2194 3369 2263 3432 et
2306 3365 2673 3432 ministerio
2714 3365 3141 3432 vivificandas

1045 3475 1112 3536 et
1181 3469 1536 3548 salvandas,
1581 3471 1918 3558 pastoralis
1944 3467 1995 3508 ¹3
2040 3469 2233 3536 officii
2274 3475 2341 3534 et
2402 3469 2751 3536 ministerii
2802 3469 3141 3534 defrauda-

1041 3573 1220 3640 tione
1265 3573 1656 3640 mortificare
1699 3579 1772 3642 et
1811 3573 2095 3662 perdere.
2190 3573 2385 3656 Quod
2412 3579 2749 3662 peccatum
2792 3573 3141 3640 evidentis-

1043 3677 1224 3744 simis
1293 3677 1648 3766 Scripturae
1691 3699 1892 3746 sacrae
1913 3675 1963 3716 ¹⁴
2026 3677 2423 3746 testimoniis
2476 3679 2883 3744 committere
2928 3677 3141 3744 dinos-

1111 3965 1128 3996 ¹
1163 3963 1522 4032 ecclesiastica]
1563 3963 1806 4030 eoelesiae,
1897 3967 2043 4018 Matt.
2208 3971 2229 4000 ⁸
2260 3967 2335 4036 et]
2374 3985 2473 4020 om.
2496 3969 2641 4022 Burt.

1043 4045 1156 4098 Par.
2208 4067 2229 4096 ⁹
2250 4065 2351 4118 Ox,
2374 4063 2553 4118 inserts
2570 4065 2783 4116 secunda
2802 4067 2943 4118 ratio.

1109 4127 1130 4156 ²
1163 4125 1454 4194 ‘’⁰²²fi'mia]
1483 4125 1746 4190 ⁰⁰nf⁰m12
1763 4125 1908 4180 Man·
1925 4125 2041 4180 ΡΜ·
2212 4163 2251 4194 ¹⁰
2280 4159 2643 4230 Apostolorum]
2678 4133 2985 4228 Apostolice,
3010 4163 3105 4218 Ox·

1107 4207 1130 4316 ἰ
1163 4209 1292 4274 ipse]
1327 4223 1426 4260 om‘
1451 4205 1612 4270 oam’
1635 4207 1736 4260 Ox‘
2210 4241 2245 4288 5¹
2280 4255 2421 4308 Matt.
2442 4257 2561 4308 Par.
2580 4255 2759 4308 inserts
2778 4263 2891 4308 tam.

1163 4287 1344 4354 autem]
1385 4303 1478 4338 om.
1505 4287 1604 4338 Ox.

1113 4367 1134 4396 ³
1165 4365 1400 4434 aliarum]
1437 4383 1536 4458 om.
1559 4365 1720 4428 Cant„
1757 4365 1874 4428 Ox„
1897 4367 2041 4420 Matt.
2142 4423 2183 4476 C
2210 4347 2249 4380 ¹²
2268 4347 2603 4460 meefflbile]
2774 4349 3127 4442 ‘pmvectabflffl

1051 4445 1166 4498 Par.
2186 4437 2285 4480 ant.
2316 4465 2331 4478 .
2366 4435 2415 4478 et
2444 4467 2459 4480 .
2494 4467 2507 4482 .
2520 4429 2841 4494 permeabzle,
2862 4447 2959 4482 om.
2982 4431 3123 4482 Matt.

1119 4529 1140 4558 Β
1171 4531 1314 4578 etiam
1355 4527 1704 4594 inverecunda]
1751 4527 2037 4580 inverecun·
2140 4503 2253 4560 Par·

1055 4609 1166 4672 diac,
1187 4611 1334 4662 Matt.
1355 4611 1472 4662 Par.
2204 4595 2245 4630 ¹³
2272 4595 2429 4662 officio
2450 4635 2463 4650 .
2510 4635 2523 4650 .
2542 4597 2829 4666 pastoralis]
2866 4613 2961 4650 om.
2976 4597 3119 4650 Matt.

1117 4693 1136 4722 ⁷
1157 4691 1434 4758 dffdmtioe
1475 4689 1724 4758 cuiquam]
1763 4689 2039 4740 diffidenter
2138 4675 2253 4730 Pal·-

1053 4771 1216 4840 alicui,
1239 4773 1382 4826 Matt.
1403 4771 1520 4824 Par.
2202 4767 2241 4800 ¹¹¹
2272 4769 2451 4834 sacrae]
2490 4785 2589 4820 om.
2610 4769 2753 4822 Cant.
