3875 5734
1103 767 1190 832 88
1753 781 2055 832 ROBERTI
2100 777 2563 832 GROSSETESTE

1105 965 1460 1050 conceptus
1533 965 1634 1026 est
1709 961 2097 1030 fornicarius
2172 965 2241 1028 et
2314 957 2631 1026 nativitas
2708 959 3003 1046 legitima
3088 983 3201 1050 per

1107 1065 1622 1148 matrimonium,
1689 1069 1904 1158 proles
1958 1075 2121 1136 nata
2184 1089 2305 1134 nec
2364 1063 2493 1132 erit
2548 1063 2847 1152 legitima
2902 1087 3017 1130 nec
3060 1065 3195 1134 ille-

1107 1173 1364 1260 gitima,
1413 1177 1532 1238 aut
1599 1171 1796 1240 simul
1857 1173 2159 1262 legitima
2222 1177 2289 1238 et
2354 1167 2719 1256 illegitima,
2782 1173 2899 1234 aut
2960 1169 3195 1256 partim

1105 1275 1406 1366 legitima
1469 1283 1538 1346 et
1605 1279 1850 1366 partim
1917 1277 2309 1366 illegitima3
2354 1297 2637 1362 quorum
2704 1273 3037 1362 quodlibet
3100 1281 3195 1340 est

1109 1383 1624 1452 inconveniens:
1675 1383 1947 1450 habebit
2010 1383 2185 1450 enim
2250 1405 2333 1450 ex
2376 1383 2567 1470 parte
2610 1385 2959 1468 conceptus
3000 1379 3195 1446 forni-

1109 1489 1268 1556 carii
1329 1489 1892 1576 illegitimitatem,
1942 1491 2007 1554 et
2076 1511 2157 1554 ex
2226 1491 2411 1576 parte
2474 1485 2851 1552 nativitatis
2892 1483 3193 1572 legitimae

1109 1617 1226 1682 per
1271 1593 1772 1660 matrimonium
1817 1593 2327 1680 legitimitatem.
2420 1589 2495 1656 Si
2538 1599 2695 1656 vero
2744 1587 3045 1674 judicant
3086 1613 3195 1678 per

1109 1697 1538 1764 nativitatem
1583 1697 1808 1776 solam,
1845 1717 1993 1762 cum
2040 1695 2363 1762 nativitas
2406 1695 2607 1762 solam
2656 1695 2897 1760 habeat
2940 1713 3193 1782 poenam

1109 1803 1490 1890 nullamque
1511 1801 1532 1838 ¹
1595 1801 1844 1890 peccati
1907 1801 2397 1866 immunditiam
2470 1821 2557 1866 cx
2620 1803 2809 1888 parte
2872 1797 3189 1886 parientia

1109 1909 1250 1974 sive
1313 1929 1398 1974 ex
1459 1909 1648 1994 parte
1699 1907 1928 1994 partus
1974 1905 2345 1992 (originalis
2410 1905 2587 1970 enim
2630 1903 2881 1992 peccati
2924 1903 3193 1968 immun-

1109 2013 1296 2094 ditia,
1343 2011 1418 2076 in
1463 2033 1594 2098 qua
1639 2033 1866 2076 omnes
1909 2011 2309 2100 generaliter
2352 2015 2421 2076 et
2466 2007 2809 2098 aequaliter
2850 2009 3193 2076 communi-

1109 2121 1280 2196 cant,
1331 2139 1418 2182 ex
1459 2115 1704 2182 vitiosa
1761 2115 1906 2202 lege
1966 2115 2463 2204 propagationis
2528 2111 2981 2198 contrahitur),
3024 2115 3191 2182 unde

1109 2219 1566 2286 nominabitur
1655 2217 1866 2308 proles
1944 2221 2169 2308 spuria
2244 2225 2313 2286 et
2386 2219 2735 2308 illegitima
2820 2205 3189 2286 distinctive

1107 2325 1498 2390 immunda?
1543 2323 1716 2390 filios
1757 2347 2047 2412 namque
2094 2325 2349 2412 spurios
2394 2329 2589 2390 vocat
2634 2325 2985 2412 Apostolus
3030 2325 3189 2392 filios

1105 2429 1498 2508 immundos,
1547 2429 1724 2496 unde
1787 2429 2093 2516 spurios;
2136 2429 2347 2514 igitur
2414 2431 2473 2496 si
2528 2451 2613 2496 ex
2668 2429 2805 2494 sola
2848 2429 3195 2510 nativitato,

1107 2539 1266 2598 sunt
1311 2535 1534 2620 spurii,
1585 2555 1670 2598 ex
1711 2533 1850 2600 sola
1893 2533 2253 2598 nativitate
2298 2539 2455 2598 sunt
2496 2533 2841 2612 immundi,
2886 2533 3059 2622 quod
3100 2537 3195 2598 est

1107 2637 1588 2704 inconveniens
1723 2637 1900 2704 Item
1988 2661 2313 2724 ponamus
2400 2639 2577 2726 quod
2666 2637 2885 2728 aliqua
2970 2637 3193 2704 mulier

1109 2763 1462 2830 praegnans
1505 2743 1710 2808 ducta
1751 2743 1840 2808 ad
1883 2743 2131 2808 ostium
2178 2743 2461 2808 ecclesiae·
2514 2747 2591 2808 ut
2652 2743 2751 2808 ibi
2814 2745 3085 2810 ducatur
3124 2745 3189 2808 in

1113 2869 1382 2914 uxorem
1451 2847 1536 2912 ab
1601 2871 1680 2914 eo
1733 2847 1818 2914 de
1863 2871 1993 2936 quo
2040 2847 2339 2934 concepit
2380 2847 2453 2914 in
2498 2847 2943 2928 fornicatione,
2988 2849 3191 2936 pariat

1109 2951 1270 3016 dum
1335 2951 1746 3018 contrahitur
1809 2951 2351 3034 matrimonium3
2400 2951 2645 3018 scilicet
2692 2953 2851 3018 dum
2896 2953 3191 3018 dicuntur

1109 3057 1250 3120 haec
1293 3053 1538 3120 verba:
1593 3061 1630 3090 “
1651 3055 1922 3142 Accipio
1968 3059 2037 3120 te
2082 3057 2155 3120 in
2202 3057 2471 3138 meam‚''
2518 3061 2587 3120 et
2648 3063 2687 3090 “
2710 3057 2973 3144 Accipio
3018 3061 3081 3120 te
3122 3057 3191 3120 in

1109 3165 1148 3194 “
1193 3181 1412 3226 meum
1439 3159 1494 3240 ;''
1535 3159 1634 3226 ita
1677 3159 2001 3240 videlicet,
2050 3159 2227 3246 quod
2270 3183 2421 3246 pars
2466 3159 2667 3248 prolis
2712 3161 3075 3248 egrediatur
3116 3159 3193 3228 de

1113 3267 1302 3330 utero
1345 3265 1578 3330 matris
1621 3269 1975 3350 antequam
2018 3263 2441 3350 proferantur
2472 3265 2673 3330 verba
2692 3265 2719 3302 2
2764 3287 2913 3352 quae
2954 3265 3193 3332 faciunt

1111 3369 1556 3434 substantiam
1617 3369 2069 3448 matrimonii3
2114 3373 2181 3436 et
2256 3369 2471 3434 altera
2534 3393 2685 3456 pars
2760 3369 2961 3458 prolis
3020 3393 3189 3460 egre-

1113 3471 1338 3538 diatur
1397 3479 1546 3558 post
1611 3475 1838 3540 eadem
1879 3473 2085 3540 verba
2148 3475 2433 3560 perfecte
2500 3473 2799 3562 prolata3
2844 3475 3049 3562 proles
3108 3477 3191 3542 sic

1111 3581 1272 3642 nata
1347 3579 1706 3644 secundum
1777 3577 1898 3644 hos
1964 3577 2221 3664 judices
2294 3601 2415 3646 nec
2490 3579 2617 3644 erit
2706 3579 2997 3666 legitima
3080 3603 3193 3648 nec

1109 3679 1472 3770 illegitima,
1565 3681 1722 3768 quia
1811 3705 1932 3746 nec
2022 3687 2181 3746 ante
2272 3683 2767 3750 matrimonium
2856 3707 2969 3750 nec
3054 3691 3193 3772 post

1111 3785 1604 3852 matrimonium
1647 3789 1824 3864 nata,
1871 3785 1989 3852 sed
2034 3785 2201 3852 forte
2262 3787 2577 3852 medietas
2622 3791 2797 3870 ante,
2846 3795 2915 3854 et
2952 3791 3183 3856 medie-

1109 3897 1214 3958 tas
1255 3895 1524 3978 postea3
1571 3895 1672 3956 est
1715 3891 1890 3956 enim
1937 3889 2061 3956 hoc
2100 3891 2427 3978 possibile,
2460 3915 2605 3958 cum
2648 3915 2877 3980 parere
2920 3915 3045 3960 non
3086 3895 3169 3960 sit

1113 3999 1598 4062 instantaneum
1685 3995 1796 4062 sed
1883 3995 2331 4080 successivum,
2406 3997 2587 4084 cujus
2672 4001 2887 4062 motus
2952 4003 3157 4084 potest

1113 4101 1312 4168 etiam
1355 4123 1472 4188 per
1513 4099 1800 4186 quietem
1843 4099 2233 4188 interpolari.

1199 4205 1466 4274 Accedit
1483 4203 1508 4240 3
1553 4203 1816 4292 insuper
1861 4205 2249 4294 supradictis
2286 4205 2423 4294 juri
2442 4203 2467 4242 4
2498 4205 2721 4272 divino
2766 4209 2831 4272 et
2874 4205 3143 4272 naturali

1119 4423 1164 4430 0...-
1171 4419 1908 4428 --....—.——.-.-....-—......-0-——«·——--.....-—..---.---..„-
1915 4419 2043 4426 -.-.-.--0--
2050 4421 2211 4426 -..-...---.-.
2222 4419 2295 4426 .,,-.-.-
2310 4419 2475 4424 -—-...-.....-
2482 4419 2535 4424 ---
2556 4419 2561 4424 0
2574 4419 2627 4422 .---
2634 4419 2733 4422 .-——-
2740 4419 2757 4422 .-
2766 4417 2775 4424 .
2784 4417 3137 4424 .--—-—--—-·—--——-—-—-

1183 4539 1196 4568 ¹
1231 4537 1518 4606 nullamque]
1569 4541 1965 4608 nonnullamque,
2252 4545 2271 4572 ³
2304 4541 2529 4608 Accedit]
2564 4539 2781 4602 Accidit,
2804 4541 2989 4602 C.C.C.‚
3012 4541 3103 4592 Ox.

1117 4621 1314 4672 Brown.
2256 4665 2273 4692 4
2316 4665 2325 4674 .
2394 4665 2403 4674 .
2466 4663 2481 4676 .

1181 4703 1204 4732 2
1235 4701 1406 4770 verba]
1439 4717 1536 4754 om.
1561 4701 1734 4758 ccc.
2292 4665 2427 4730 ἕω]
2458 4677 2587 4728 ³¹¹¹⁶²
2610 4661 2785 4714 0·0·⁰·
