3875 5734
1553 829 1910 880 EmsroLAE.
2660 809 2787 874 389

683 1003 1150 1068 revelationem
1247 999 1622 1090 Scripturae,
1703 1003 1934 1068 habita
2008 1003 2313 1088 diligenti
2412 1009 2481 1068 et
2562 999 2787 1066 subtili

683 1111 1098 1194 peccatorum
1143 1107 1604 1194 speculatione,
1653 1107 1740 1170 ad
1775 1105 2149 1170 tollendum
2196 1129 2273 1170 ea
2320 1107 2525 1170 officio
2574 1109 2787 1192 potes*

683 1209 838 1274 tatis
873 1209 1256 1296 judiciariae,
1305 1209 1478 1274 sicut
1521 1209 1826 1296 congruit
1871 1209 2533 1294 interpretationibus
2576 1209 2787 1272 1101111-

683 1335 842 1378 num
913 1313 1206 1378 locorum
1277 1311 1352 1374 in
1419 1313 1658 1398 quibus
1729 1311 1995 1376 Samuel
2054 1311 2401 1398 judicabat
2470 1311 2785 1398 populum

685 1415 1136 1482 Israeliticum.
1187 1417 1424 1482 Bethol
1457 1417 1634 1482 enim
1663 1415 2145 1502 interpretatur
2174 1413 2417 1480 domus
2448 1413 2595 1492 Dei,
2632 1415 2782 1480 Gal-

681 1519 830 1608 gala
879 1541 1034 1584 vero
1081 1517 1412 1596 ‘revelat-ie,
1487 1517 1796 1606 Masphat
1841 1525 2069 1584 autem
2116 1523 2311 1584 sonat
2354 1517 2443 1582 in
2484 1519 2781 1602 specula-

685 1623 938 1688 tionem
989 1621 1268 1710 peccati.
1365 1623 1512 1702 Quo
1575 1623 1854 1688 circuitu
1899 1627 2181 1708 peractQ
2230 1623 2475 1686 reverti
2538 1621 2781 1686 debent

683 1725 962 1812 episcopi
1007 1725 1082 1788 in
1129 1725 1474 1804 Ramatha,
1523 1725 1644 1790 hoc
1691 1737 1790 1790 est
1833 1725 1906 1788 in
1954 1723 2227 1790 coelestis
2256 1721 2781 1790 conversationis

679 1827 1152 1896 celsitudinem
1191 1851 1322 1914 per
1365 1827 1772 1896 divinorum
1801 1827 2451 1914 contemplationem,
2484 1829 2603 1894 ubi
2646 1833 2777 1894 tor·-

681 1939 866 1998 rente
909 1933 1274 2020 voluptatis
1307 1933 1646 2020 sapientiae
1693 1935 1910 2022 potati
1956 1933 2213 2020 plenius
2242 1933 2569 2012 hauriant,
2604 1933 2775 1998 unde

679 2037 750 2100 in
779 2037 986 2100 altera
1019 2037 1402 2104 circuitione
1433 2037 1748 2122 populum
1779 2037 1906 2100 sibi
1954 2037 2323 2122 subjectum
2352 2045 2419 2100 et
2448 2037 2773 2124 praecipue

679 2139 918 2206 clerum
963 2141 1036 2204 in
1085 2141 1366 2206 veritate
1433 2145 1502 2204 et
1567 2139 1880 2226 aequitate
1948 2139 2329 2226 dijudicent.
2424 2139 2495 2208 Si
2550 2141 2769 2228 itaque

683 2243 944 2310 Samuel
989 2245 1062 2308 in
1107 2243 1544 2310 multitudine
1591 2247 1658 2308 et
1711 2243 2067 2310 latitudine
2134 2245 2357 2332 populi
2426 2243 2769 2310 Israelitici

677 2367 810 2410 11011
883 2347 1120 2412 habuit
1197 2349 1316 2412 sub
1391 2369 1460 2412 se
1547 2347 1947 2412 constitutos
2022 2347 2279 2430 judices
2354 2349 2529 2424 alios,
2606 2349 2769 2412 satis

679 2451 1132 2516 manifestatur
1191 2451 1260 2514 in
1325 2449 1448 2516 hoc
1511 2451 1684 2536 quod
1747 2451 1971 2516 omnia
2026 2451 2275 2537 judicia
2344 2451 2769 2518 ecclesiastica

677 2559 830 2620 sunt
875 2555 1338 2640 episcoporum,
1385 2553 1674 2640 exceptis
1703 2553 1808 2620 his
1855 2577 2001 2640 quae
2050 2555 2391 2640 plenitudo
2422 2555 2765 2642 potestatis

679 2657 926 2722 domini
959 2659 1152 2744 Papae
1199 2657 1326 2722 sibi
1369 2657 1746 2722 reservavit.
1817 2657 1890 2720 Si
1921 2661 2145 2720 autem
2174 2657 2409 2722 habuit
2438 2657 2599 2722 alios
2644 2657 2763 2722 sub

681 2783 746 2826 se
791 2761 1178 2826 constitutos
1213 2759 1484 2844 judices,
1531 2761 1704 2826 sicut
1745 2759 2103 2826 verisimile
2166 2765 2265 2824 est
2344 2781 2493 2824 eum
2560 2761 2759 2826 habu-

679 2863 800 2928 isse
863 2865 936 2928 in
999 2867 1196 2930 tanta
1265 2863 1506 2950 populo
1583 2863 2009 2930 multitudine
2076 2869 2141 2928 et
2208 2863 2565 2928 latitudine
2584 2861 2623 2942 ¹,
2696 2871 2763 2928 et

679 2969 846 3048 sicut
905 2971 1160 3032 constat
1229 2989 1376 3030 eum
1439 2967 1742 3030 habuisse
1791 2989 1943 3032 011111
1986 2967 2207 3030 senuit
2228 2991 2255 3046 ,·
2292 2965 2529 3054 posuit
2574 2967 2761 3032 enim
2790 2985 2813 3028 1
2832 2977 2967 3032 Sam.
2982 2979 3093 3032 viii.

683 3077 842 3136 &aare
869 3069 1062 3156 filios
1103 3093 1256 3136 suos
1297 3069 1560 3156 judices
1601 3069 1652 3134 I
1645 3069 1836 3148 smel,
1883 3069 2021 3156 ipse
2084 3069 2515 3134 nihilominus
2568 3069 2757 3156 judi-
2790 3053 2833 3098 ¹·

681 3199 840 3242 cans
909 3177 1130 3242 Israel
1199 3175 1456 3242 cunctis
1531 3175 1760 3242 diebus
1835 3173 1987 3240 vitoe
2054 3197 2193 3240 succ
2202 3225 2219 3256 ,
2306 3177 2517 3242 adhuc
2594 3173 2763 3240 illud

679 3283 1096 3348 manifestum
1143 3287 1256 3360 est,
1293 3283 1448 3366 quia
1491 3283 1564 3346 in
1609 3281 1928 3348 Samuelis
1970 3281 2265 3348 adventu
2310 3283 2391 3348 ad
2424 3285 2561 3348 loca
2602 3305 2763 3368 prae-

683 3387 868 3464 dicta,
917 3387 1054 3474 ipse
1099 3385 1318 3450 omnia
1353 3385 1698 3470 judicavit,
1745 3385 1892 3450 aliis
1962 3385 2035 3448 in
2096 3385 2237 3470 ejus
2300 3387 2649 3474 praesentia
2704 3385 2763 3448 ei

683 3495 996 3574 tanquam
1065 3489 1382 3576 superiori
1427 3489 1760 3576 potestati,
1809 3513 1850 3552 a
1895 3511 2023 3576 qua
2070 3493 2139 3552 et
2184 3489 2313 3576 ipsi
2372 3491 2763 3576 potestatem

683 3597 1078 3678 acceperant,
1133 3591 1532 3658 cedentibus,
1643 3591 1794 3678 Ipse
1871 3591 2047 3658 enim
2138 3597 2281 3658 erat
2366 3593 2439 3658 in
2524 3591 2763 3680 populo
2790 3605 2989 3658 Samuel

685 3695 1042 3762 Israelitico
1091 3697 1256 3762 sicut
1301 3697 1396 3762 sol
1443 3697 1684 3784 populi,
1739 3695 2291 3784 quemadmodum
2338 3701 2403 3762 et
2464 3695 2761 3764 dominus
2788 3689 3093 3792 {fflffi‘ffiff

683 3801 854 3888 Papa
895 3801 968 3864 in
1015 3801 1376 3868 universali
1445 3801 1720 3878 ecelesia,
1787 3807 1856 3866 et
1921 3801 2367 3888 unusquisque
2430 3801 2763 3888 episcopus
2786 3805 2879 3858 ites
2902 3825 2957 3888 as
2976 3809 3065 3858 the

681 3903 752 3966 in
795 3927 910 3968 sua
955 3903 1234 3972 dioecesi,
1327 3903 1894 3984 Quemadmodum
1962 3903 2167 3990 igitur
2232 3905 2343 3984 sol,
2408 3903 2565 3990 quia
2628 3925 2763 3966 non
2786 3875 2995 4002 {fflffcffi
3006 3877 3093 3928 the

683 4011 894 4092 potest
935 4005 1184 4092 ubique
1227 4029 1420 4092 super
1463 4011 1706 4072 terram
1751 4007 1947 4072 simul
2004 4011 2073 4072 et
2142 4007 2337 4072 semel
2358 4005 2383 4044 2
2428 4007 2759 4092 praesenti·
2788 4011 2887 4088 apd
2908 4011 3031 4090 emp

683 4108 870 4174 aliter
927 4109 1162 4188 lucere,
1241 4109 1326 4174 ad
1399 4111 1820 4176 tenebrarum
1895 4111 2351 4198 purgationem
2426 4115 2493 4176 et
2568 4113 2759 4176 terrae
2784 4077 3091 4196 Εξέξῖξέεζε,

683 4211 1086 4278 nascentium
1125 4215 1630 4302 vegetationem,
1697 4235 1780 4278 ne
1837 4215 2189 4300 aliquando
2254 4219 2479 4296 tamen
2546 4223 2761 4282 careat
2784 4239 2863 4290 As
2884 4239 2969 4290 the
2982 4257 3077 4290 sun

683 4317 896 4402 aliqua
937 4339 1092 4404 pars
1155 4317 1330 4382 orbis
1391 4323 1716 4382 terrarum
1779 4317 2009 4384 solatio
2054 4317 2343 4396 luminis,
2412 4317 2493 4384 de
2556 4317 2759 4404 pleni-
2782 4305 2925 4370 gives
2944 4307 3075 4374 light

683 4419 908 4486 tudine
951 4419 1224 4488 luminis
1265 4421 1388 4502 sui,
1433 4421 1616 4488 nullo
1659 4443 1776 4508 per
1819 4421 1943 4488 hoc
1984 4423 2113 4488 sibi
2158 4421 2501 4504 diminuto,
2536 4423 2757 4488 lunam
2784 4375 3093 4504 33¹2th

2482 4631 2699 4638 --.----....

753 4767 764 4798 ¹
803 4773 850 4818 et
869 4765 1146 4834 latitudine]
1185 4781 1280 4818 om.
1303 4765 1484 4818 C-C.C.
1715 4763 1724 4834 Ι
1833 4767 1852 4794 ’·’
1883 4773 1932 4816 ct
1950 4763 2113 4832 semel]
2150 4779 2247 4816 om.
2274 4763 2451 4818 CC-C.
