3875 5734
1047 851 1178 916 258
1697 861 1995 912 ROBERTI
2038 859 2495 914 enossnrnsrn

1049 1047 1088 1074 “
1131 1041 1396 1126 utrique
1439 1037 1616 1128 parti
1659 1037 2043 1128 privilegiis,
2088 1037 2537 1128 indulgentiis
2586 1043 2653 1104 et
2712 1041 3127 1110 concessioni-

1053 1153 1088 1182 “
1137 1145 1262 1212 bus
1337 1143 1588 1210 domini
1649 1143 1868 1232 Papae,
1944 1149 2013 1210 et
2084 1143 2231 1210 aliis
2302 1143 2759 1210 instrumentis
2832 1145 3129 1212 valituris

1049 1253 1090 1284 “
1135 1247 1406 1334 utrique
1475 1247 1654 1334 parti
1727 1247 1904 1336 quod
1976 1249 2057 1314 de
2120 1247 2275 1334 jure
2340 1245 2559 1314 valere
2626 1245 2991 1330 debebunt3
3064 1253 3129 1314 et

1049 1359 1086 1386 “
1131 1355 1292 1418 tunc
1331 1349 1526 1440 plene
1569 1353 1943 1418 examinato
1986 1353 2267 1440 negotio,
2314 1349 2747 1416 amicabiliter
2788 1355 3129 1438 componat

1053 1461 1088 1490 “
1131 1455 1306 1522 inter
1347 1459 1566 1544 partes
1611 1455 1668 1522 si
1709 1455 1947 1542 possit:
2010 1455 2303 1542 alioquin
2354 1475 2617 1518 causam
2658 1451 3131 1520 sententialiter

1053 1565 1088 1594 “
1133 1557 1432 1640 diffiniat,
1495 1559 1606 1626 vel
1677 1559 1953 1624 eandam
2026 1559 2215 1644 plene
2296 1557 2687 1624 instructam
2762 1557 2849 1624 ad
2920 1557 3129 1626 sedem

1055 1671 1088 1698 “
1133 1661 1574 1748 Apostolicam
1619 1661 1850 1728 mittat
1895 1659 2433 1728 terminandam.”

1145 1765 1444 1832 Secunda
1511 1767 1734 1832 autem
1805 1765 2015 1830 forma
2088 1769 2187 1832 est
2238 1765 2399 1848 haec,
2464 1763 2769 1832 similiter
2840 1763 2961 1830 sub
3030 1763 3129 1830 his

1053 1869 1270 1936 verbis
1313 1869 1556 1956 scripta
1597 1873 1666 1934 et
1709 1869 1802 1934 eis
1841 1869 2109 1934 tradita.

719 1989 820 2044 His
841 1989 1024 2042 second
1149 1977 1186 2008 “
1229 1971 1508 2038 Paratus
1551 1975 1652 2036 est
1679 1971 2013 2058 episcopus
2052 1993 2191 2038 una
2220 1971 2559 2038 vobiscum
2604 1971 3133 2038 consultationem

719 2059 964 2124 PY⁰P⁰⁵³L
1061 2081 1098 2110 “
1139 2075 1346 2140 facere
1391 2073 1656 2140 domino
1701 2073 1900 2160 Papae
1960 2085 2155 2160 super
2196 2075 2501 2142 omnibus
2560 2075 2841 2160 querelis
2884 2075 3127 2142 contin-

1059 2183 1094 2210 “
1137 2175 1442 2264 gentibus
1501 2175 2045 2262 jurisdictionem,
2094 2177 2567 2256 auctoritatem,
2612 2177 3017 2266 dignitatem,
3062 2181 3129 2244 et

1053 2285 1092 2316 “
1135 2279 1418 2346 officium
1479 2281 1836 2368 episcopale
1901 2281 2101 2346 motis
2166 2285 2235 2346 et
2300 2283 2659 2360 movendiS,
2724 2285 2865 2346 tam
2946 2303 3129 2368 super

1049 2391 1086 2418 “
1127 2383 1526 2470 possessione
1555 2405 1752 2472 qnam
1783 2405 1979 2472 super
2004 2385 2421 2472 proprietate,
2452 2385 2631 2450 inter
2654 2385 2871 2472 ipsum
2912 2389 2979 2450 et
2998 2407 3127 2466 VOS,

1047 2493 1082 2520 “
1125 2509 1382 2552 necnon
1423 2509 1618 2574 super
1661 2487 2097 2568 libertatibuS,
2134 2487 2413 2574 juribus
2446 2491 2517 2552 et
2560 2487 3129 2552 consuetudinibus

1047 2597 1082 2624 “
1127 2613 1288 2676 quas
1355 2611 1474 2658 vos
1539 2589 1941 2656 contenditis
2000 2589 2253 2670 habere,
2300 2589 2497 2676 plena
2552 2589 2923 2658 narratione
2980 2589 3129 2656 hinc

1047 2701 1082 2728 “
1125 2693 1282 2760 inde
1353 2695 1530 2760 facta
1619 2697 1686 2760 et
1775 2691 1862 2760 ad
1950 2693 2289 2760 dominum
2352 2693 2599 2780 Papam
2678 2715 2797 2782 per
2866 2693 3125 2760 nuncios

1045 2801 1084 2832 “
1127 2799 1432 2884 speciales
1475 2795 1876 2878 transmissa,
1919 2799 2003 2862 ut
2058 2817 2253 2884 super
2294 2797 2401 2862 his
2448 2817 2595 2882 quae
2660 2797 2735 2862 in
2790 2797 2941 2882 jure
2982 2819 3127 2862 con-

1049 2907 1084 2934 “
1131 2901 1392 2980 sistunt,
1437 2903 1508 2964 et
1551 2921 1748 2988 super
1787 2899 1892 2966 his
1935 2921 2085 2986 quae
2126 2897 2229 2964 in¹
2276 2899 2467 2978 factO,
2512 2899 2589 2964 in
2646 2901 2879 2986 quibus
2920 2905 3129 2992 partes

1049 3011 1084 3038 “
1131 3003 1682 3084 concordaverint,
1751 3025 1792 3070 a
1835 3003 2103 3068 domino
2146 3003 2329 3090 Papa
2372 3025 2729 3090 congruum
2788 3003 3129 3092 recipiatur

1049 3111 1088 3140 “
1129 3129 1526 3194 responsum.
1595 3105 1820 3192 Siquae
1863 3125 2019 3170 vero
2084 3105 2157 3168 in
2220 3105 2397 3172 facto
2444 3105 2805 3172 consistant
2870 3105 2943 3170 in
3004 3127 3127 3192 quo

1053 3215 1088 3244 “
1135 3209 1226 3274 sit
1285 3207 1620 3276 contentio
1691 3209 1870 3276 inter
1940 3231 2065 3288 eos„
2142 3231 2259 3298 per
2330 3209 2509 3276 viros
2582 3209 2849 3276 idoneos
2918 3209 3129 3276 neutri

1049 3319 1086 3348 “
1133 3313 1306 3398 parti
1349 3317 1676 3400 suspectos
1721 3313 2153 3380 communiter
2200 3313 2455 3394 electos,
2502 3317 2571 3378 et
2620 3313 3127 3400 jurisdictionem

1049 3421 1088 3450 “
1133 3421 1202 3480 et
1265 3415 1658 3480 coertionem
1721 3417 2055 3498 habenteS,
2118 3421 2319 3482 testes
2382 3421 2453 3482 et
2516 3415 2663 3482 aliae
2730 3417 3129 3504 probationes

1049 3525 1090 3552 “
1133 3517 1534 3606 recipiantur
1621 3521 1690 3586 et
1777 3519 2215 3606 publicentur,
2288 3521 2361 3584 et
2446 3519 2619 3584 facta
2706 3519 3129 3606 publicatione

1051 3627 1088 3658 ‘⁶
1133 3621 1592 3688 attestationes
1663 3643 1814 3688 cum
1889 3623 2145 3690 caeteris
2216 3621 2715 3710 probationibus
2784 3645 2919 3688 una
2988 3645 3127 3688 cum

1049 3733 1088 3760 “
1131 3725 1446 3812 praedicta
1473 3725 1953 3792 consultatione
1996 3727 2085 3806 ad
2120 3725 2461 3792 dominum
2490 3725 2737 3814 Papam
2764 3725 3125 3804 mittantur,

1007 3915 1010 3920 Ι
1049 3833 1088 3864 “
1131 3833 1212 3896 ut
1257 3851 1448 3918 super
1493 3827 1796 3894 omnibus
1855 3829 2203 3918 praedictiS,
2252 3829 2429 3914 quod
2494 3829 2625 3894 sibi
2688 3829 2901 3894 visum
2942 3827 3129 3894 fuerit

1051 3937 1088 3970 “
1131 3933 1556 4022 respondeat3
1601 3933 1708 4000 vel
1773 3933 1834 4000 si
1877 3934 2095 4022 placet
2138 3933 2249 4014 eis,
2294 3933 2511 4020 quoad
2552 3933 2861 3998 ultimum
2902 3931 3133 3998 articu-

1053 4045 1090 4072 “
1133 4036 1290 4120 lum,
1357 4037 1664 4104 dominus
1723 4035 1904 4126 Papa
1974 4037 2089 4104 det
2152 4037 2635 4104 examinatores
2706 4037 2781 4102 in
2850 4037 3131 4124 partibus

1053 4145 1090 4176 ‘³
1133 4139 1414 4228 Angliae‚
1465 4141 1582 4228 qui
1643 4141 1898 4206 dictum
1960 4141 2315 4230 negotium,
2384 4145 2463 4206 ut
2526 4139 2967 4228 supradictum
3020 4143 3129 4218 est,

1055 4249 1092 4278 “
1135 4243 1492 4324 instruant,
1539 4247 1610 4312 et
1651 4245 2053 4312 instructum
2096 4245 2183 4310 ad
2226 4241 2475 4310 curiam
2516 4241 2923 4310 remittant.'’

1141 4347 1274 4414 Sed
1347 4353 1582 4414 neutra
1641 4347 1922 4414 istarum
2010 4347 2371 4414 formarum
2448 4347 2535 4412 ab
2620 4347 2715 4412 eis
2796 4349 3129 4434 acceptata,

1057 4451 1330 4518 tandem
1377 4451 1802 4518 condescendi
1845 4453 1932 4518 ad
1976 4451 2243 4518 tertiam
2284 4449 2561 4516 formam
2590 4471 2737 4536 quae
2778 4449 3133 4536 subscripta

1817 4775 1844 4844 Ξ
1873 4779 2057 4836 Coc-O·
2076 4785 2271 4848 repeats
2290 4781 2359 4834 in.
