3875 5734
1583 755 1938 814 ErlsTOLAE.
2684 765 2809 828 153

713 939 964 1010 'timida
1033 939 1536 1030 pusillanimitas
1607 945 1971 1012 consimilia
2038 947 2265 1028 facere,
2334 953 2449 1018 ubi
2508 951 2811 1016 imminet

743 1047 1084 1140 periculum
1143 1053 1332 1114 tanto
1379 1047 1642 1138 gravius
1689 1055 1934 1136 quanto
1984 1051 2307 1138 spiritalia
2352 1055 2601 1140 majora
2656 1059 2811 1118 sunt

743 1161 804 1222 et
845 1153 1104 1220 meliora
1145 1153 1628 1242 corporalibus?
1689 1153 2067 1222 Secundum
2110 1157 2501 1222 sententiam
2542 1155 2813 1222 Domini

743 1263 806 1326 in
849 1259 1074 1326 Exodo
1139 1263 1208 1326 et
1273 1259 1344 1326 in
1411 1257 1766 1340 Ezechiele,
1837 1263 1906 1326 et
1968 1259 2149 1326 beati
2198 1259 2493 1348 Gregorii
2554 1259 2801 1348 exposi-
2838 1275 3019 1326 Ezech.
3042 1275 3125 1356 iij..

743 1367 988 1446 tionem,
1035 1371 1256 1454 pastor
1283 1365 1668 1446 animarum,
1703 1365 1812 1452 qui
1861 1365 2325 1452 praedicatione
2354 1387 2489 1430 non
2530 1365 2807 1446 insonat,
2838 1347 2939 1464 2¹3}ss
2958 1359 3129 1394 xxxm

743 1473 1000 1560 ipsemet
1037 1471 1428 1560 spiritaliter
1469 1471 1768 1550 moritur,
1799 1475 1868 1536 et
1913 1475 2237 1556 quantum
2284 1473 2383 1534 est
2426 1467 2499 1534 in
2544 1491 2625 1548 se,
2658 1491 2811 1534 oves
2838 1479 2889 1530 S.
2910 1479 3061 1546 Greg.
3078 1479 3141 1558 ‘in

743 1577 858 1642 sibi
929 1575 1294 1642 commissas
1355 1575 1604 1640 occidit.
1697 1575 1828 1656 Qui
1885 1575 2093 1662 igitur
2150 1575 2351 1638 talem
2424 1573 2769 1638 constitua
2786 1569 2809 1608 ¹
2836 1547 3141 1664 pacina.

743 1681 1090 1746 animarum
1131 1685 1460 1768 pastorem
1505 1679 1618 1766 qui
1679 1679 1842 1746 tuba
1901 1677 2405 1766 praedicationiS,
2472 1677 2603 1744 nisi
2668 1683 2815 1764 post
2838 1683 2985 1764 Huni.
3010 1685 3083 1734 ΙΙο

741 1785 938 1850 multa
995 1789 1304 1872 tempora,
1349 1785 1654 1850 insonare
1719 1807 1852 1848 non
1917 1785 2179 1872 poterit,
2250 1807 2467 1850 nonne
2528 1805 2607 1850 eo
2670 1783 2813 1872 ipso
2838 1767 2883 1816 P·
2910 1757 3053 1806 ¹²8⁵·

743 1895 870 1956 tam
939 1889 1242 1976 praefecto
1303 1911 1502 1976 quam
1577 1887 1862 1956 subditis
1935 1889 2055 1954 dat
2126 1889 2357 1956 mortis
2428 1911 2545 1978 per
2616 1888 2813 1976 longa

743 1999 1022 2080 tempora
1107 1995 1514 2072 occasionem,
1607 2015 1690 2058 ne
1781 1995 1993 2060 dicam
2082 1997 2383 2060 causam?
2488 1993 2813 2058 Dominus

743 2103 950 2164 noster
993 2097 1040 2162 J
1041 2119 1184 2164 esus
1217 2097 1514 2164 Christus
1559 2097 1772 2164 vitam
1815 2121 2001 2166 suam
2046 2099 2581 2188 pretiosissimam
2624 2097 2811 2164 dedit

743 2201 930 2268 morti
973 2201 1382 2290 turpissimae,
1427 2207 1506 2268 ut
1569 2189 1820 2268 animas
1859 2203 2277 2286 .vivificaret;
2324 2205 2487 2268 dans
2550 2203 2627 2268 in
2686 2203 2809 2268 hoc

743 2307 1114 2394 exemplum,
1161 2305 1332 2392 quod
1397 2305 1562 2370 tales
1609 2307 1852 2372 debent
1913 2307 2163 2394 praefici
2206 2311 2493 2394 pastores
2558 2305 2807 2370 anima—

743 2433 878 2478 rum
923 2409 1034 2498 qui
1091 2433 1208 2476 nec
1269 2433 1528 2496 poenam
1597 2433 1716 2476 nec
1761 2433 1967 2500 genus
2034 2433 2247 2498 poen-ae
2312 2411 2641 2500 refugiant
2690 2433 2809 2498 pro

743 2517 1090 2582 animarum
1135 2516 1358 2582 salute.
1451 2517 1788 2598 Quomodo
1831 2517 2039 2604 igitur
2082 2517 2351 2582 auderet
2392 2521 2619 2582 nostra
2660 2537 2807 2602 par-

743 2621 902 2686 vitas
971 2621 1294 2708 praeficere
1367 2619 1440 2684 in
1511 2625 1844 2708 pastorem
1915 2621 2263 2686 animabus
2334 2625 2523 2688 tanto
2598 2619 2809 2706 pretio

743 2727 1098 2814 redemptiS,
1145 2725 1256 2812 qui
1299 2725 1508 2812 magis
1551 2727 1766 2790 adhuc
1805 2723 2005 2812 longo
2040 2727 2331 2812 tempore
2374 2725 2449 2790 in
2490 2725 2809 2814 pascendo

743 2829 1146 2898 mortificaret
1207 2853 1404 2916 quam
1467 2829 1582 2916 qui
1627 2829 2045 2896 vivificaret?
2136 2829 2477 2910 Quomodo
2538 2827 2811 2896 auderet

745 2935 818 3000 dc
873 2935 1076 3024 pretio
1137 2933 1472 3022 sanguinis
1523 2933 1572 3000 J
1573 2955 1688 3000 esu
1733 2933 1985 3000 Christi
2030 2933 2175 3020 plus
2220 2933 2561 3000 intendere
2606 2933 2817 3000 ditare

743 3037 1072 3118 hominem,
1137 3061 1334 3126 quam
1395 3037 1770 3102 animarum
1829 3059 2175 3124 procurare
2244 3039 2565 3102 salutem?
2654 3037 2817 3102 Haec

743 3141 952 3230 itaque
995 3147 1064 3208 et
1105 3141 1478 3229 hujusmodi
1525 3141 1824 3228 plurima,
1875 3165 2023 3228 quae
2066 3163 2243 3206 nunc
2286 3141 2685 3208 subticemus
2732 3163 2817 3208 ne

743 3267 852 3310 vos
919 3245 1318 3332 prolixitatis
1391 3245 1592 3312 taedio
1667 3245 2037 3324 afficiamus
2118 3249 2409 3310 nostram
2482 3247 2817 3334 imperiec-

743 3349 978 3414 tionem
1019 3351 1436 3414 vehementer
1481 3349 1826 3426 deterrent,
1875 3369 1959 3414 ne
2004 3349 2371 3432 animabUS,
2412 3371 2531 3438 pro
2582 3351 2819 3436 quibus

745 3453 1026 3518 Christus
1069 3459 1364 3518 mortuus
1397 3457 1510 3534 est,
1545 3477 1682 3518 non
1725 3453 1999 3518 idoneos
2042 3453 2323 3518 scienter
2352 3457 2419 3518 et
2462 3453 2819 3540 prudenter

743 3557 1154 3644 praeficiamus
1199 3561 1508 3644 pastoreS,
1559 3561 1636 3622 ut
1691 3557 1993 3624 homines
2040 3557 2341 3638 ditemus
2388 3557 2495 3624 vel
2538 3555 2819 3622 homini-

741 3661 854 3726 bus
897 3663 1276 3748 placeamus,
1325 3669 1394 3728 et
1445 3663 1536 3726 sic
1583 3663 1938 3728 secundum
1986 3685 2211 3726 vocem
2256 3663 2571 3750 Apostoli,
2642 3657 2817 3726 servi
2846 3673 2959 3726 Gal.
2982 3675 3015 3728 i.
3048 3681 3107 3726 ιο

747 3759 988 3828 Chresti
1075 3785 1222 3828 ‘non
1311 3765 1548 3830 simus,
1661 3765 1820 3830 Ideo
1917 3765 2261 3830 sanctitati
2346 3771 2585 3832 vestrae
2672 3769 2817 3830 tota

743 3871 948 3932 mente
975 3867 1352 3956 viribusque
1397 3867 1700 3934 omnibus
1737 3869 2189 3956 supplicamus,
2224 3873 2547 3954 quatenus
2592 3889 2815 3956 supra-

743 3969 908 4034 dicto
995 3971 1220 4036 comiti
1323 3971 1668 4038 efficaciter
1769 3973 2235 4060 persuadeatis,
2328 3977 2403 4040 ut
2506 3973 2817 4038 idoneum

743 4073 1010 4160 aliquem
1083 4077 1168 4140 ad
1241 4075 1636 4162 supradictae
1699 4075 1979 4142 ecclesiae
2046 4075 2349 4160 regimen
2420 4081 2817 4164 praesentet3

741 4177 1018 4262 alioquin
1077 4183 1310 4242 vestrae
1385 4179 1742 4258 sanctitati,
1805 4201 1953 4266 quae
2028 4179 2239 4244 multa
2310 4185 2531 4266 potest
2608 4181 2817 4248 facere

741 4280 908 4348 licite
961 4303 1106 4368 quae
1165 4287 1394 4348 nostra
1453 4281 1856 4370 imperfectio
1923 4305 2061 4348 non
2124 4283 2329 4370 possit
2390 4283 2521 4348 nisi
2588 4283 2817 4350 illicite

741 4385 952 4468 facere,
983 4385 1508 4452 commendamus
1539 4385 1854 4474 quicquid
1897 4385 2021 4452 hac
2050 4387 2189 4454 vice
2234 4389 2321 4452 ad
2364 4409 2483 4452 nos
2510 4389 2815 4474 pertinet,

1387 4719 1402 4750 ¹
1435 4717 1708 4782 constituit]
1745 4717 2027 4776 constituat,
2050 4717 2153 4770 Sid.
