3875 5734
1121 799 1250 864 164
1765 815 2055 864 nomiari
2104 813 2563 864 cnossssrnsrss

1119 999 1156 1030 “
1199 995 1436 1082 exequi
1481 995 1866 1062 mandatum
1933 993 2181 1062 domini
2250 993 2417 1082 regis
2478 999 2703 1060 contra
2770 997 3187 1064 excommuni-

1119 1107 1156 1136 “
1199 1105 1380 1168 catos
1423 1101 1690 1184 editum,
1739 1101 1953 1170 claves
2002 1101 2279 1170 ecclesiae
2326 1101 2871 1168 contemnentes'’

1207 1205 1374 1274 Haec
1439 1207 1644 1296 igitur
1703 1209 2005 1274 volumus
2072 1213 2141 1274 et
2206 1207 2615 1296 praecipimus
2682 1207 2847 1272 sicut
2912 1207 3189 1274 canonice

1117 1317 1370 1380 statuta
1415 1319 1586 1392 sunt,
1635 1337 1674 1380 a
1715 1315 1902 1382 vobis
1944 1321 2319 1380 reverenter
2364 1317 2433 1380 et
2478 1313 2757 1380 firmiter
2780 1311 2799 1350 ¹
2848 1313 3155 1380 observari
3170 1339 3185 1396 3

1117 1419 1456 1508 sciantque
1503 1423 1979 1506 contemptores
2026 1423 2091 1484 et
2136 1423 2641 1506 transgressores
2684 1419 2931 1498 horum,
2980 1419 3035 1484 si
3074 1419 3193 1484 rite

1115 1547 1312 1614 super
1355 1529 1738 1614 contemptu
1767 1529 1886 1590 aut
1929 1525 2439 1612 transgressione
2472 1523 2751 1590 convicti
2780 1545 2891 1590 seu
2934 1523 3187 1590 confessi

1117 1631 1384 1712 fuerint,
1429 1653 1548 1698 nos
1593 1653 1698 1698 eos
1765 1653 1880 1718 pro
1944 1651 2131 1718 posse
2188 1635 2429 1710 nostro,
2502 1629 2853 1720 adjuvante
2922 1629 3185 1698 Domino

1121 1737 1170 1804 J
1171 1761 1286 1806 esu
1331 1737 1612 1820 Christe,
1659 1737 1961 1802 canonice
2008 1737 2367 1824 punituros,

799 2117 956 2170 'table
979 2117 1040 2168 of
1133 2105 1212 2172 H
1207 2127 1298 2172 oec
1337 2105 1714 2194 subscripta
1759 2105 2197 2174 continentur
2234 2129 2361 2196 per
2400 2105 2715 2176 ordinem
2756 2107 2841 2172 in
2886 2105 3071 2172 litera
3098 2105 3195 2174 hio

799 2205 896 2306 {³12³}
897 2191 1106 2306 Ἑξῗεξῗ
1303 2211 1726 2300 praecedente,
1775 2235 1922 2302 quoe
1968 2211 2383 2280 intitulatur
2430 2211 2969 2296 Constitutione&
3002 2211 3093 2278 ὥσ.

797 2325 932 2376 tions
953 2319 1010 2374 in
1021 2321 1106 2372 the

799 2391 1070 2460 preceding
1753 2375 2169 2466 Decalogum.

803 2465 964 2514 letter.
1493 2541 1506 2556 .
1757 2481 2025 2570 Septem
2070 2481 2449 2548 criminalia.

1405 2539 1632 2610 selant
1757 2587 2025 2676 Septem
2068 2591 2487 2654 sacramenta.

1759 2691 2159 2782 Simpliciter
2198 2693 2415 2760 fidem.

1137 2835 1238 2902 De
1283 2835 1706 2904 honoratione
1757 2835 2187 2904 Eucharistiae
2236 2841 2301 2904 et
2348 2837 2657 2904 custodia.

1139 2941 1334 3024 Quod
1407 2943 1770 3010 sacerdotes
1833 2943 1969 3008 sint
2038 2943 2325 3030 prompti
2392 2943 2477 3008 ad
2544 2943 2829 3008 infirmos

1223 3045 1550 3114 visendos.

1141 3149 1334 3230 Quod
1379 3153 1806 3238 superaltaria
1849 3153 1985 3217 sint
2030 3153 2317 3218 honesta.

1141 3255 1332 3336 Quod
1419 3257 1622 3344 panni
1711 3257 2083 3324 chrismales
2172 3279 2303 3322 non
2392 3263 2857 3324 convertantur
2926 3259 2995 3324 in
3060 3279 3199 3324 usus

1229 3361 1564 3430 seculares,

1145 3465 1332 3548 Quod
1379 3469 1580 3536 verba
1623 3467 1694 3534 in
1741 3467 1987 3534 divinis
2032 3469 2287 3556 integre
2348 3467 2759 3556 proferantur
2802 3491 2943 3536 cum
2986 3471 3201 3534 mentis

1231 3571 1640 3640 attentione?

1145 3675 1340 3760 Quod
1385 3677 1740 3744 intendant
1785 3677 2049 3744 lectioni
2092 3681 2163 3744 et
2208 3679 2505 3744 orationi.

1145 3783 1340 3868 Quod
1383 3785 1720 3852 instruant
1767 3785 2063 3852 subditos
2106 3787 2181 3852 in
2226 3785 2517 3852 oratione
2562 3783 2903 3852 Dominica
2944 3789 3011 3852 et
3050 3807 3201 3874 sym-

1239 3891 1406 3958 bolo.

1147 3993 1338 4078 Quod
1383 3995 1520 4062 sint
1561 3993 1985 4062 continentes,

1149 4101 1338 4182 Quod
1379 4121 1516 4166 non
1559 4101 1696 4166 sint
1735 4099 2019 4166 uxorati.

1149 4203 1340 4288 Quod
1383 4225 1520 4272 non
1563 4203 1987 4292 frequentent
2032 4203 2623 4272 sanctimonialium
2668 4203 3045 4272 monasteria
3084 4203 3205 4270 sine

1235 4309 1610 4378 rationabili
1655 4331 1862 4374 causa.

1968 4553 2111 4560 --..-........-.
2128 4555 2141 4560 .-
2156 4555 2163 4560 .
2172 4553 2237 4560 ...-
2250 4555 2253 4558 .
2266 4553 2441 4560 ...-.--...-.-.

1221 4709 1238 4740 ¹
1271 4709 1562 4776 etfirmz‘ter]
1599 4725 1698 4764 om.
1721 4709 1824 4764 sid.
2192 4709 2205 4778 Ι
2316 4711 2337 4740 ²
2368 4713 2651 4780 attentione]
2688 4711 2971 4776 intentione,
2994 4711 3091 4764 Sid.
