3875 5734
725 1181 926 1234 EccluS.
933 1175 1044 1230 xlii.

733 1255 812 1302 16.

731 1809 914 1868 except
933 1801 986 1852 in

731 1871 822 1920 the
843 1885 956 1920 ease
975 1865 1034 1916 of

733 1939 860 1990 such
883 1953 938 1986 as
961 1947 1044 1984 are

733 2011 934 2070 exempt
953 2003 1022 2082 by

731 2073 1004 2206 EREZZPH'

731 2849 1020 2914 Argument

733 2919 864 2970 from
883 2915 968 2964 the

737 2983 992 3036 condition
1049 3013 1052 3016 -

735 3053 798 3104 of
811 3051 980 3102 Adam

733 3123 836 3170 and
857 3119 980 3176 Eve‚

733 3189 844 3238 Eve
865 3185 1020 3248 being

731 3273 764 3306 a
785 3261 904 3318 type
929 3249 988 3300 of

731 3321 872 3372 those
895 3317 1010 3368 who

733 3405 820 3438 are
843 3403 926 3450 ap·-

731 3453 934 3522 pointcd
955 3465 1008 3500 as

731 3521 988 3574 assistants

733 3597 788 3640 to
811 3589 892 3638 the

733 3657 952 3720 bishopS.

737 3975 866 4028 Gen.
875 3973 950 4026 iii.
967 3979 1040 4026 16.

1065 763 1194 828 392
1719 775 2007 824 ROBERTI
2052 773 2511 826 enossnrns'm

1063 953 1388 1034 exhibeat,
1435 953 1602 1019 nihil
1645 951 1985 1020 dimittens
2028 975 2145 1042 per
2190 953 2349 1018 anni
2368 951 2387 990 ¹
2438 951 2749 1018 circulum
2812 975 2929 1018 sua
2988 975 3148 1040 prae-

1067 1059 1280 1124 sentia
1321 1079 1456 1122 non
1499 1057 1904 1124 illustratum
1950 1063 2213 1146 propter
2256 1059 2421 1138 hoc;
2474 1061 2543 1122 et
2586 1055 2661 1120 in
2706 1055 3149 1124 Ecclesiastico

1067 1163 1380 1248 scriptum
1445 1167 1558 1242 est,
1635 1161 1750 1230 Sol
1829 1161 2251 1230 illuminans
2318 1183 2447 1248 peo-
2538 1161 2777 1228 omnia
2856 1161 3149 1248 respeaeit.

1067 1267 1158 1332 Et
1203 1265 1482 1352 qualiter
1523 1289 1642 1356 per
1689 1267 1904 1332 omnia
1950 1269 2247 1356 respiciet
2300 1265 2633 1354 episcopus
2700 1268 3015 1352 tanquam
3060 1267 3153 1332 sol

1067 1393 1202 1436 suae
1251 1371 1564 1450 dioecesiS‚
1611 1371 1740 1436 nisi
1783 1393 1898 1458 per
1944 1371 2163 1438 omnia
2220 1371 2429 1458 possit
2468 1367 2759 1450 visitare,
2824 1371 3151 1458 corrigere,

1073 1479 1142 1540 et
1213 1473 1560 1542 reformare
1583 1475 1626 1554 ²,
1697 1479 1766 1542 et
1831 1475 1922 1540 sic
1996 1497 2111 1560 per
2186 1475 2433 1542 lucem3
2496 1473 2751 1540 occulta
2812 1473 2883 1538 in
2942 1475 3151 1540 lucem

1067 1577 1616 1644 manifestationis
1705 1579 2075 1666 producere,
2152 1583 2233 1644 ut
2324 1599 2473 1662 quae
2562 1577 2907 1644 tenebrosa
2978 1583 3149 1658 sunt,

1067 1687 1322 1770 purget,
1369 1687 1438 1748 et
1483 1705 1628 1770 quae
1673 1681 1904 1748 vitalia
1950 1681 2229 1770 amplius
2272 1681 2611 1748 vivificet?

1157 1787 1286 1852 Per
1327 1787 1666 1852 literarum
1709 1787 1934 1872 itaque
1978 1807 2303 1852 sacrarum
2364 1785 2577 1872 apices
2622 1792 2691 1853 et
2730 1785 2997 1874 insuper
3038 1809 3153 1874 per

1069 1891 1492 1956 luminarium
1539 1889 1896 1956 caelestium
1942 1889 2187 1976 species
2250 1893 2317 1956 et
2384 1891 2715 1956 naturales
2760 1893 3153 1978 operationes

1071 1995 1406 2060 evidenter
1481 1993 1704 2082 liquet,
1785 1995 1963 2078 quod
2036 1993 2121 2058 ad
2188 1995 2469 2082 episcopi
2530 1995 2817 2082 pertinet
2878 1995 3153 2062 officium

1071 2097 1458 2164 circueundo
1525 2101 1736 2162 totam
1799 2097 2123 2176 dioecesin,
2196 2103 2409 2162 totam
2472 2097 2763 2178 visitare,
2826 2101 3151 2186 corrigere,

1067 2203 1136 2264 et
1181 2199 1548 2278 reformare,
1595 2205 1866 2286 excepto
1935 2199 1989 2264 si
2044 2199 2287 2266 alicubi
2344 2199 2479 2266 sint
2546 2201 2751 2288 aliqui
2818 2201 3155 2290 privilegio

1067 2303 1316 2370 domini
1381 2303 1580 2390 Papae
1645 2305 1728 2370 ab
1793 2303 2079 2390 episcopi
2150 2303 2549 2382 visitatione,
2612 2307 3021 2386 correctione,
3086 2309 3155 2370 et

1065 2407 1522 2474 reformatione
1613 2409 1918 2496 exempti.
2010 2409 2121 2474 Ibi
2196 2429 2477 2496 namque
2556 2409 2751 2474 debet
2826 2409 3153 2496 episcopus

1063 2517 1382 2598 tanquam
1427 2511 1640 2578 radios
1687 2535 1836 2578 suos
1879 2511 2291 2592 abscondere,
2352 2511 2653 2576 radiante
2698 2511 2943 2576 ibidem
3006 2511 3155 2578 solis

1065 2615 1184 2696 sui,
1217 2615 1338 2680 lioc
1367 2617 1484 2694 est,
1515 2613 1928 2682 auctoritatis
1958 2613 2209 2680 domini
2238 2613 2451 2700 Papae,
2482 2619 2785 2700 respectu
2814 2613 2991 2700 cujus
3022 2615 3155 2700 ipse

1075 2725 1176 2786 est
1221 2723 1616 2786 nocturnum
1661 2719 2001 2800 luminare,
2046 2717 2289 2804 majore
2334 2721 2403 2784 et
2446 2717 2715 2784 clariore
2758 2717 3021 2784 lumine.

1159 2823 1378 2888 Primo
1423 2823 1684 2910 parenti
1745 2823 1922 2888 facta
1986 2829 2085 2888 est
2126 2845 2313 2904 uxor,
2358 2841 2493 2886 non
2536 2825 2617 2886 ut
2678 2825 2847 2886 esset
2890 2821 3157 2908 impedi-

1071 2931 1368 2992 mentum
1437 2925 1550 2990 sed
1593 2925 1700 3012 adj
1709 2925 1995 2990 utorium
2042 2925 2253 2990 simile
2298 2925 2425 2990 sibi
2466 2925 2553 2988 ad
2612 2925 2783 2988 filios
2826 2945 3159 3012 procrean-

1073 3029 1202 3096 dos
1297 3029 1514 3096 Adam
1591 3033 1662 3094 et
1737 3051 1904 3094 uxor
1980 3051 2099 3094 sua
2178 3027 2477 3096 Christus
2546 3033 2703 3094 sunt
2748 3033 2815 3094 et
2858 3027 3159 3108 ecclesia3

1069 3139 1136 3198 et
1181 3133 1604 3198 nihilominus
1671 3133 1951 3218 quilibet
1992 3133 2331 3220 episcopus
2382 3137 2451 3198 et
2516 3131 2643 3198 sibi
2706 3131 3049 3218 conjuncta
3090 3137 3159 3198 et

1069 3237 1410 3302 commissa
1485 3237 1750 3300 ecclesia
1765 3235 1804 3302 ⁴².
1907 3237 1997 3300 Et
2072 3237 2223 3302 licet
2298 3237 2533 3300 mulier
2604 3237 2811 3302 totius
2884 3237 3157 3302 ecclesiae

1069 3339 1428 3406 commissae
1475 3339 1770 3426 episcopo
1815 3345 2051 3426 typum
2110 3345 2313 3426 gerat,
2364 3339 2649 3426 quadam
2718 3345 2939 3404 tamen
2996 3363 3157 3426 pree-

1067 3443 1370 3530 rogativa
1445 3441 1788 3528 specialius
1853 3443 2121 3510 videtur
2196 3465 2419 3530 gerere
2480 3449 2719 3530 typum
2764 3465 2983 3510 eorum
3048 3443 3157 3530 qui

1067 3547 1432 3634 specialiter
1475 3545 1772 3632 adjuncti
1817 3551 1977 3612 sunt
2022 3549 2323 3636 episcopo
2366 3549 2441 3612 in
2502 3547 2905 3634 adjutorium
2972 3549 3155 3636 spiri-

1065 3651 1220 3716 talis
1265 3651 1466 3738 prolis
1507 3651 1943 3738 procreandae,
2006 3651 2079 3716 id
2124 3657 2239 3732 est,
2308 3651 2425 3738 qui
2468 3653 2591 3718 sub
2638 3651 2931 3740 episcopo
2976 3675 3159 3718 curas

1067 3755 1316 3822 habent
1357 3755 1726 3820 animarum
1793 3757 1874 3822 ab
1944 3755 2241 3844 episcopo
2306 3757 2399 3822 eis
2466 3759 2853 3822 commissas,
2944 3755 3159 3846 Igitur

1069 3865 1136 3924 et
1197 3861 1270 3924 hi
1339 3859 1462 3924 sub
1523 3859 1810 3948 episcopi
1875 3863 2037 3926 sunt
2102 3865 2443 3948 potestate.
2538 3859 2805 3926 Mulieri
2880 3883 3159 3948 namque

1067 3963 1316 4030 dictum
1361 3969 1478 4042 est,
1523 3963 1612 4028 Er
1657 3963 1778 4030 sub
1823 3963 1969 4030 viri
2004 3969 2323 4050 potestate
2370 3963 2505 4030 cris
2550 3971 2613 4030 ct
2658 3963 2803 4050 ‘ipse
2846 3963 3161 4030 domina-

1073 4067 1262 4134 bitur
1303 4065 1414 4134 tm·
1439 4091 1466 4148 ;
1513 4071 1582 4134 et
1625 4069 1926 4154 episcopo
1970 4067 2215 4134 debent
2274 4089 2411 4134 esse
2454 4067 2859 4154 adjutorium
2904 4071 2971 4134 et
3028 4089 3159 4134 non

1067 4171 1460 4258 impeditum
1549 4171 1860 4256 spiritalis
1970 4170 2171 4258 prolis
2260 4173 2693 4260 procreandae,
2794 4171 3157 4250 educandae,

1135 4555 1150 4584 ¹
1185 4555 1334 4622 anni]
1371 4553 1600 4620 aliquem,
1625 4553 1808 4606 C.C.C.
2230 4551 2251 4582 ⁸
2274 4569 2369 4618 per
2388 4549 2565 4620 lucem]
2586 4567 2685 4602 om.
2708 4551 2907 4614 C.C.C.,
2930 4549 3135 4616 C.C.c2.

1133 4637 1158 4668 ²
1187 4637 1422 4702 eorriyere
1435 4645 1482 4686 et
1495 4635 1784 4702 refhrmare]
1799 4633 2065 4700 inquirere,
2168 4631 2267 4684 Ox.

1069 4717 1268 4778 C.C.C.,
1295 4715 1458 4778 Trin„
1487 4717 1590 4770 Ox·
2112 4685 2125 4760 1
2232 4713 2253 4742 ⁴
2286 4711 2511 4778 ecclesia]
2548 4713 2715 4770 etiam,
2750 4709 2895 4760 (Prin.
