3875 5734
1517 825 1876 876 EPISTOLAE.
2612 813 2741 876 369

653 999 824 1090 quod
867 999 1154 1086 primum
1221 999 1624 1068 tradentem¹
1697 1003 1916 1066 minus
1982 1001 2265 1068 viriliter
2326 1007 2393 1068 et
2460 1001 2745 1068 fideliter

641 1103 904 1192 juverit,
951 1127 1098 1170 cum
1139 1105 1314 1170 vires
1361 1105 1488 1170 sibi
1529 1107 1914 1170 imminutas
1956 1125 2093 1170 non
2136 1107 2377 1192 poterit
2420 1127 2745 1172 resumere

651 1213 706 1278 is
749 1209 860 1296 qui
903 1209 996 1276 eis
1041 1209 1368 1276 tradendo
1435 1231 1544 1274 eas
1589 1209 1718 1276 sibi
1779 1209 2133 1290 imminuit,
2182 1233 2255 1276 ac
2296 1233 2415 1298 per
2456 1209 2581 1278 hoc
2624 1233 2745 1278 nec

651 1337 870 1380 eorum
945 1313 1244 1402 supplere
1289 1313 1654 1394 defectum3
1719 1313 2141 1380 manifestum
2218 1319 2317 1380 est
2382 1317 2561 1400 quod
2622 1317 2745 1380 tali

649 1419 886 1484 virium
953 1417 1416 1482 imminutione
1481 1415 1702 1482 minus
1769 1415 2033 1502 adjutus
2100 1421 2201 1482 est
2268 1423 2335 1482 et
2400 1415 2745 1482 alleviatus

649 1521 910 1588 tradens
983 1521 1250 1608 primuS,
1331 1543 1406 1586 ac
1481 1521 1570 1586 sic
1587 1519 1614 1554 2
1681 1541 1800 1608 per
1865 1521 2157 1586 medium
2220 1521 2589 1584 tradentem
2646 1521 2745 1584 in-

641 1623 884 1712 juriose
961 1627 1290 1712 gravatus,
1445 1623 1768 1690 Praeterea
1843 1623 1957 1710 qui
2030 1647 2073 1688 a
2144 1623 2357 1710 primo
2442 1623 2745 1688 tradente

651 1725 916 1812 suscipit
983 1731 1052 1792 et
1117 1727 1264 1792 aliis
1339 1727 1550 1794 tradit
1569 1727 1598 1764 ³
1639 1727 1949 1814 cujusque
2034 1729 2245 1814 operis
2332 1731 2743 1814 potestatem,

649 1835 872 1916 utpote
941 1831 1274 1918 episcopus
1343 1853 1384 1896 a
1433 1831 1700 1896 domino
1745 1831 1924 1918 Papa
1968 1831 2319 1918 suscipiens
2364 1835 2433 1896 et
2476 1831 2745 1896 tradens

653 1931 1062 1998 inferioribus
1127 1935 1496 1998 animarum
1561 1935 1922 2000 rectoribus
1990 1939 2387 2022 potestatem
2450 1935 2745 2000 ministe-

653 2037 892 2100 riorum
941 2037 1172 2100 salutis
1217 2037 1604 2116 animarum,
1653 2035 1906 2102 nonne4
1933 2037 2345 2124 prudentiuS,
2400 2038 2743 2118 salubrim,

653 2143 718 2204 et
789 2139 860 2202 in
935 2139 1420 2206 alleviationem
1493 2139 1706 2206 oneris
1781 2139 2031 2206 domini
2100 2139 2307 2228 Papae,
2378 2139 2565 2226 cujus
2646 2145 2745 2206 est

653 2243 936 2308 omnium
983 2243 1398 2308 ecclesiarum
1445 2247 1510 2308 et
1555 2245 1850 2310 omnium
1911 2243 2277 2308 animarum
2322 2265 2579 2308 summa
2622 2243 2743 2308 sub

653 2347 804 2412 caelo
869 2345 1256 2424 sollicitudo,
1307 2345 1622 2412 efficacius
1697 2347 1914 2412 tradet
1980 2347 2115 2410 suis
2176 2345 2609 2428 inferioribus,
2658 2346 2741 2411 ad

653 2449 1188 2538 comportandum
1235 2473 1428 2514 suum
1461 2455 1528 2514 et
1559 2449 1812 2514 domini
1855 2449 2051 2536 Papae
2100 2471 2277 2530 onUS,
2310 2455 2569 2536 partem
2606 2473 2741 2514 suae

649 2553 988 2640 potestatis
1033 2575 1220 2616 suam
1279 2553 1406 2616 sibi
1469 2573 1600 2618 non
1643 2551 2111 2628 imminuend0‚
2148 2595 2153 2598 -
2184 2573 2329 2614 cum
2372 2551 2493 2616 hoc
2538 2553 2745 2638 possit

649 2655 848 2722 facere
893 2663 962 2722 et
1007 2655 1240 2722 debeat
1283 2655 1640 2722 secundum
1701 2655 2067 2720 doctrinam
2112 2655 2485 2742 Scripturae‚
2548 2677 2743 2742 quam

653 2781 828 2826 suam
893 2761 1020 2826 sibi
1081 2759 1532 2826 imminuendo
1595 2765 1664 2824 et
1731 2759 2223 2824 detruncando?
2320 2757 2391 2822 Si
2442 2757 2743 2822 dominus
2768 2775 2881 2826 The
2900 2777 3043 2842 Pope

653 2865 840 2952 Papa,
911 2863 1024 2952 qui
1085 2887 1126 2928 a
1193 2865 1240 2928 J
1243 2859 1376 2928 esu'
1433 2863 1714 2940 Christo,
1763 2863 1945 2948 cujus
2006 2861 2219 2926 vicem
2262 2861 2451 2948 gerit,
2496 2863 2743 2950 recepit
2766 2853 3005 2962 gssffigitsh

651 2967 1124 3054 plenitudinem
1193 2967 1550 3054 potestatis,
1601 2989 1742 3030 eam
1805 2965 1930 3030 sibi
2004 2965 2425 3030 imminueret
2498 2967 2741 3052 absque
2766 2979 3055 3058 his-power,

653 3070 956 3136 mandato
1031 3069 1080 3134 J
1083 3093 1194 3136 esu
1273 3071 1524 3136 Christi
1613 3063 1878 3134 scientis
1954 3069 2035 3134 ob
2112 3093 2307 3154 quam
2380 3069 2743 3134 utilitatem
2766 3047 3021 3162 {afflssoff

653 3169 986 3240 mandaret
1043 3195 1190 3240 eam
1235 3175 1556 3266 imminui,
1603 3195 1820 3238 nonne
1865 3171 2105 3238 faceret
2150 3173 2271 3238 hoc
2314 3173 2385 3236 in
2430 3173 2743 3258 injuriam
2768 3181 2953 3258 Chi-ist,
2972 3195 3069 3230 nor

653 3277 696 3342 J
699 3299 810 3342 esu
855 3277 1150 3342 Christi?
1241 3277 1304 3342 A
1349 3277 1548 3342 simili
1595 3277 1648 3342 si
1709 3277 2047 3364 episcopus
2104 3281 2499 3362 potestatem
2544 3299 2741 3362 quam
2766 3247 3055 3374 {ilgfssllli'eh

653 3381 892 3466 accepit
935 3405 978 3444 a
1021 3381 1288 3446 domino
1335 3381 1526 3468 Papa,
1575 3383 1640 3444 et
1705 3405 1744 3444 a
1797 3381 1844 3444 J
1847 3403 1961 3446 esu
2024 3379 2287 3446 Christo
2332 3401 2447 3466 per
2490 3381 2741 3444 domini
2766 3381 2831 3432 he
2844 3381 2935 3432 has
2948 3381 3079 3432 from

657 3481 844 3568 Papae
895 3483 1380 3562 mediationem,
1427 3483 1776 3547 imminuat
1823 3483 1949 3548 sibi
1992 3483 2237 3570 absque
2298 3505 2615 3548 consensu
2676 3489 2743 3548 et
2764 3449 2853 3500 the
2870 3449 3027 3514 Pope.

653 3585 1136 3650 confirmatione
1181 3585 1432 3650 domini
1477 3585 1672 3672 Papae
1703 3585 1965 3652 scientis
2010 3587 2095 3652 ob
2142 3608 2337 3671 quam
2380 3587 2741 3652 utilitatem

655 3687 1138 3752 ecclesiasticam
1183 3687 1558 3772 hujusmodi
1601 3691 1924 3776 approbat
1992 3694 2061 3754 et
2124 3691 2465 3756 confirmat
2526 3693 2739 3776 potes-

655 3789 806 3854 tatis
839 3789 1358 3870 diminutionem,
1391 3791 1466 3856 in
1509 3813 1816 3880 magnam
1845 3793 2039 3858 faciet
2082 3793 2205 3858 1100
2250 3791 2497 3858 domini
2544 3793 2739 3878 Papae

653 3891 968 3978 injuriam,
1039 3899 1108 3958 et
1169 3917 1284 3982 per
1329 3917 1724 3982 consequens
1767 3897 1842 3960 in
1883 3919 2151 3984 gravem
2196 3897 2465 3960 Domini
2528 3897 2737 3960 nostri

653 3993 698 4060 J
699 4017 808 4060 esu
883 3995 1130 4062 Christi
1221 3999 1692 4064 contumeliam.
1815 3999 2005 4062 Nihil
2094 3999 2297 4086 igitur
2370 4003 2469 4064 est
2562 3999 2733 4084 quod

653 4099 906 4188 allegari
971 4105 1190 4188 potest
1207 4101 1234 4136 5
1295 4101 1610 4168 veraciter
1673 4101 1760 4168 ad
1823 4103 2319 4169 diminutionem
2384 4105 2731 4190 potestatis

1197 4339 1632 4348 ...——-.-—--——--..-,......—
1653 4337 1814 4344 ......--..-.-.
1831 4339 1924 4344 ..-.--·-.
1956 4339 1989 4344 .,..
2004 4337 2013 4344 ο
2086 4339 2113 4344 --
2160 4339 2179 4344 =
2208 4339 2231 4344 .-
2250 4339 2339 4346 ..-..-
2354 4341 2385 4344 -.
2406 4341 2491 4344 -.--
2512 4339 2619 4344 ..—-—
2632 4341 2651 4344 .-
2668 4339 2733 4346 q*-

723 4491 738 4522 ³
755 4487 964 4556 fideliter
999 4525 1010 4538 .
1047 4525 1062 4538 .
1097 4523 1112 4536 .
1145 4525 1160 4538 .
1195 4483 1486 4548 tradentem]
1535 4499 1634 4536 om.
1675 4485 1688 4590 1
1801 4485 1822 4514 ³
1853 4485 2055 4548 suscipit
2088 4521 2099 4534 .
2136 4521 2147 4534 .
2184 4521 2199 4534 .
2234 4521 2247 4534 .
2284 4483 2463 4550 tradit]
2508 4487 2727 4548 suscepit

659 4573 828 4628 000,
1677 4593 1688 4614 ι
1739 4601 1750 4614 .
1787 4601 1798 4614 .
1829 4601 1842 4614 .
1877 4601 1890 4614 .
1925 4563 2151 4622 tradidit,
2172 4563 2313 4616 Trin.

1679 4617 1688 4784 Ι
1801 4645 1822 4674 ⁴
1853 4643 2031 4710 nonne]
2068 4643 2239 4704 immo,
2262 4645 2403 4696 Trin.

1801 4725 1820 4754 ⁵
1855 4721 2059 4788 alleya'rae'
2074 4725 2255 4790 potest]
2292 4739 2389 4774 om.
2414 4723 2557 4774 Trin.

2322 4821 2461 4870 AA

719 4729 740 4760 ⁹
767 4725 864 4794 sic]
903 4723 958 4776 si.
985 4719 1124 4772 Trin.
