3875 5734
1603 851 1959 902 EPISTOLAE.
2702 837 2829 900 341

743 1019 986 1086 domini
1079 1021 1274 1110 Papae
1361 1021 1782 1110 proponimus
1855 1043 1975 1108 per
2050 1041 2169 1086 nos
2242 1023 2429 1110 ipsos,
2550 1019 2835 1088 Noverit
2854 1031 3037 1098 tallage
3062 1033 3161 1084 im-

739 1125 962 1212 itaque
1003 1131 1244 1192 vestrae
1289 1123 1688 1192 sinceritatis
1733 1125 2059 1202 discreti0‚
2124 1125 2301 1210 quod
2362 1147 2485 1190 nos
2550 1125 2719 1190 nihil
2760 1125 2833 1192 in
2858 1101 3167 1230 ξζξῗοξζοῃ

741 1229 860 1294 hac
901 1241 1090 1314 parte
1133 1251 1250 1314 per
1291 1249 1412 1292 nos
1455 1229 1628 1316 ipsos
1673 1227 1963 1306 facimuS,
2010 1227 2133 1292 hoc
2178 1233 2295 1306 est,
2340 1233 2569 1292 nostra
2610 1233 2831 1294 aucto··
2856 1231 2943 1282 the
2964 1232 3149 1298 elergy.

739 1331 950 1408 ritate,
983 1331 1094 1396 vel
1137 1331 1298 1410 soli3
1349 1353 1494 1396 cum
1523 1329 1924 1396 venerabiles
1970 1333 2191 1416 patres
2222 1329 2581 1416 coepiscopi
2622 1333 2835 1398 nostri

739 1435 806 1500 id
835 1433 1010 1500 idem
1023 1431 1044 1468 ¹
1071 1433 1336 1512 faciant,
1381 1433 1492 1500 vel
1523 1435 1670 1518 jam
1713 1431 1967 1518 pridem
1996 1433 2259 1498 effectui
2294 1433 2835 1518 mancipaverint,

743 1539 1096 1602 secundum
1159 1539 1436 1602 formam
1501 1559 1544 1602 a
1607 1537 1922 1622 magistro
1980 1533 2273 1602 Mar-tino
2322 1535 2575 1602 domini
2640 1533 2835 1624 Papae

741 1641 992 1718 nuncio,
1039 1641 1200 1704 dum
1265 1641 1480 1704 adhuc
1539 1637 1614 1704 in
1679 1639 1784 1704 his
1849 1637 2151 1726 partibus
2214 1661 2463 1704 moram
2528 1637 2835 1716 traheret,

741 1743 980 1810 eisdem
1021 1743 1382 1822 traditam3
1429 1763 1592 1830 quos
1637 1741 1941 1808 similiter
1982 1749 2063 1808 ut
2106 1763 2225 1806 nos
2270 1743 2355 1806 ad
2388 1743 2463 1808 id
2508 1739 2839 1830 compellit

741 1845 974 1912 summi
1047 1845 1388 1912 Pontificis
1459 1845 1814 1910 auctoritas
1901 1849 1971 1910 et
2042 1845 2457 1932 praeceptum,
2526 1843 2633 1912 cui
2698 1867 2835 1910 non

739 1951 998 2016 obedire
1043 1949 1248 2036 quasi
1283 1953 1634 2036 peccatum
1701 1953 1794 2014 est
1857 1947 2217 2016 ariolandi
2260 1955 2323 2016 et
2378 1947 2583 2036 quasi
2626 1947 2831 2016 scelus
2860 1959 3045 2050 1‘Sam.
3070 1977 3153 2012 xv.

737 2051 1142 2118 idololatricc
1169 2073 1316 2118 ‘non
1345 2049 1780 2140 adquiescere.
1849 2051 2007 2118 Non
2034 2053 2241 2140 igitur
2268 2057 2369 2118 est
2394 2051 2833 2118 admiratione
2856 2033 2937 2080 ²²³·

741 2157 1024 2244 dignum,
1075 2155 1252 2240 quod
1311 2155 1664 2242 coepiscopi
1733 2157 1943 2220 nostri
2010 2161 2079 2220 et
2142 2177 2263 2220 nos
2326 2157 2397 2220 in
2464 2155 2589 2220 hac
2646 2161 2835 2242 parte

739 2257 1022 2336 facimuS,
1073 2257 1188 2322 sed
1235 2259 1664 2324 admiratione
1709 2257 1924 2322 multa
1970 2263 2037 2322 et
2084 2257 2539 2346 indignatione
2604 2279 2829 2344 quam-

741 2361 1016 2448 plurima
1091 2367 1262 2428 esset
1337 2361 1808 2448 dignissimum,
1877 2361 1934 2426 si
1998 2361 2197 2426 etiam
2262 2383 2397 2424 non
2466 2361 2681 2448 rogati
2724 2361 2833 2428 vel

731 2465 894 2550 jussi
935 2465 1184 2550 aliquid
1233 2463 1610 2550 hujusmodi
1637 2465 1748 2528 vel
1791 2465 1993 2530 etiam
2040 2463 2249 2550 majus
2292 2487 2431 2528 non
2460 2463 2827 2530 faceremus,

743 2569 1052 2634 Videmus
1101 2569 1278 2634 enim
1323 2573 1578 2654 patrem
1637 2571 1941 2632 nostrum
2008 2571 2079 2632 et
2144 2571 2423 2632 matrem
2486 2567 2829 2654 spiritales

741 2669 974 2754 quibus
1015 2669 1622 2756 incomparabiliter
1665 2669 1812 2754 plus
1857 2689 2055 2754 quam
2116 2669 2485 2734 carnalibus
2528 2673 2833 2732 tenemur

741 2773 824 2836 ad
867 2773 1194 2850 honorem,
1241 2771 1704 2850 obedientiam,
1767 2769 2221 2850 reverentiam,
2268 2775 2337 2836 et
2398 2769 2475 2834 in
2542 2769 2677 2834 suis
2718 2793 2831 2836 ne-

741 2875 1148 2940 cessita-tibus
1193 2877 1634 2940 omnimodam
1679 2875 2201 2952 subventionem,
2250 2871 2447 2940 exilio
2492 2873 2829 2958 relegatos,

739 2979 1292 3064 persecutionibus
1339 2983 1406 3042 et
1451 2975 1989 3042 tribulationibus
2034 2977 2325 3062 undique
2356 2979 2829 3062 coangustatos

743 3081 1130 3166 patrimonio
1175 3103 1292 3146 suo
1355 3081 1676 3168 spoliatos
1745 3079 1824 3144 de
1889 3081 2171 3166 propr-ic,
2226 3079 2417 3158 unde,
2488 3085 2567 3144 ut
2628 3079 2831 3160 decet,

739 3189 1206 3262 sustententur,
1251 3207 1386 3248 non
1427 3177 1758 3248 habentes,
1851 3181 1924 3246 Si
1986 3183 2193 3268 igitur
2236 3183 2329 3246 eis
2370 3183 2445 3246 in
2486 3183 2609 3246 tali
2652 3187 2835 3246 statu

741 3285 1174 3350 existentibus
1217 3309 1356 3350 non
1397 3283 1880 3366 subveniamUS,
1925 3291 2177 3350 certum
2242 3289 2343 3348 est
2408 3285 2613 3370 quod.⁴
2648 3307 2833 3348 man-

743 3387 968 3454 datum
1011 3387 1284 3454 Domini
1347 3391 1426 3454 de
1491 3387 1866 3454 honorando
1925 3393 2227 3474 parentes
2292 3387 2823 3474 transgredimur,

741 3513 854 3556 nec
897 3513 1102 3578 super
1131 3499 1386 3558 terram
1429 3489 1718 3576 Zonyccvi
1745 3489 2021 3570 crimus,
2052 3511 2169 3554 nec
2214 3491 2287 3554 in
2316 3491 2469 3554 filiis
2502 3489 2823 3576 jocunda-
2848 3497 3009 3548 Exod.
3036 3513 3123 3548 xx.

739 3593 968 3676 bimur,
1013 3617 1136 3660 nec
1177 3595 1252 3662 in
1297 3595 1402 3662 dic
1449 3595 1760 3660 orationis
1811 3597 2059 3660 nostrae
2122 3595 2565 3672 exaudiemur,
2626 3595 2819 3660 timo·
2850 3569 2925 3616 ¹²⁰

739 3719 998 3784 remque
1073 3699 1348 3762 Domini
1417 3697 1786 3776 abiciemuS,
1865 3703 1934 3762 et
2016 3699 2537 3774 benedictionem
2610 3697 2829 3784 Ipsius

741 3803 1054 3878 nolumUS,
1133 3801 1484 3886 domosque
1557 3801 1844 3864 filiorum
1917 3799 2345 3880 infirmarum,
2406 3797 2595 3864 nobis
2666 3799 2827 3886 ipsis

743 3903 1032 3968 dedecori
1077 3925 1318 3982 sumus„
1367 3903 1606 3966 famam
1649 3903 1888 3966 malam
1937 3907 2003 3966 et
2048 3901 2571 3966 maledictionem
2634 3923 2827 3988 super

741 4025 856 4068 nos
899 4007 1394 4082 accumulamus
1457 4007 1626 4070 sicut
1685 4025 1768 4068 ex
1829 4005 2185 4090 Scripturas
2236 4003 2631 4068 testimoniis
2692 4003 2825 4068 evi-

743 4107 968 4174 denter
989 4109 1386 4196 perpendere
1403 4129 1772 4194 possumus,
1835 4105 1993 4170 Non
2020 4107 2229 4194 igitur
2256 4105 2435 4192 regia
2466 4107 2821 4186 clementia,

743 4233 886 4296 quae
955 4211 1270 4276 thronum
1323 4211 1544 4276 firmat
1615 4209 1888 4296 regium,
1940 4209 2267 4274 inhibebit
2330 4215 2451 4274 aut
2508 4209 2823 4296 impediet

741 4313 906 4380 filios
947 4317 1204 4400 patrem
1251 4319 1318 4380 et
1361 4319 1640 4380 matrem
1701 4313 2017 4378 honorare
2060 4311 2369 4392 volentes
2438 4311 2551 4378 sed
2616 4313 2823 4400 magis

741 4415 860 4482 hoc
901 4439 1124 4482 eorum
1165 4419 1594 4506 propositum,
1637 4419 1716 4480 ut
1757 4415 2003 4504 regiam
2058 4415 2241 4482 decet
2268 4415 2823 4502 magnificentiam

1337 4623 2251 4630 -ὴ-ω-..η-η-ηῂ--ψ-ῄ--ῥ--η-ῥ--μ-ῤ
2258 4621 2815 4628 —---—-—-—---————--—

1137 4749 1148 4776 ¹
1175 4747 1230 4798 id
1251 4747 1396 4814 idem]
1433 4747 1490 4796 id
1511 4745 1658 4806 diem,
1683 4743 1862 4798 C.C.C.
1883 4763 1896 4806 3
1931 4747 1995 4796 ad
2016 4745 2165 4806 idem,
2190 4745 2401 4814 0002.
