<?xml version="1.0" encoding="UTF-8"?>
<!DOCTYPE html PUBLIC "-//W3C//DTD XHTML 1.0 Transitional//EN"
    "http://www.w3.org/TR/xhtml1/DTD/xhtml1-transitional.dtd">
<html xmlns="http://www.w3.org/1999/xhtml" xml:lang="en" lang="en">
 <head>
  <title>
</title>
<meta http-equiv="Content-Type" content="text/html;charset=utf-8" />
  <meta name='ocr-system' content='tesseract 3.04.00' />
  <meta name='ocr-capabilities' content='ocr_page ocr_carea ocr_par ocr_line ocrx_word'/>
</head>
<body>
  <div class='ocr_page' id='page_1' title='image "./robertigrossete01luargoog_0372.png"; bbox 0 0 3875 5734; ppageno 0'>
   <div class='ocr_carea' id='block_1_1' title="bbox 701 1651 946 1838">
    <p class='ocr_par' dir='ltr' id='par_1_1' title="bbox 701 1651 946 1838">
     <span class='ocr_line' id='line_1_1' title="bbox 701 1651 944 1706; baseline -0.016 0"><span class='ocrx_word' id='word_1_1' title='bbox 701 1653 866 1706; x_wconf 84' lang='lat' dir='ltr'>Briefs</span> <span class='ocrx_word' id='word_1_2' title='bbox 887 1651 944 1702; x_wconf 83' lang='lat' dir='ltr'>in</span> 
     </span>
     <span class='ocr_line' id='line_1_2' title="bbox 705 1719 932 1786; baseline -0.018 -15"><span class='ocrx_word' id='word_1_3' title='bbox 705 1721 856 1786; x_wconf 81' lang='lat' dir='ltr'>proof</span> <span class='ocrx_word' id='word_1_4' title='bbox 871 1719 932 1770; x_wconf 79' lang='lat' dir='ltr'>of</span> 
     </span>
     <span class='ocr_line' id='line_1_3' title="bbox 701 1785 946 1838; baseline -0.016 0"><span class='ocrx_word' id='word_1_5' title='bbox 701 1789 840 1838; x_wconf 86' lang='lat' dir='ltr'>these</span> <span class='ocrx_word' id='word_1_6' title='bbox 861 1785 946 1836; x_wconf 77' lang='lat' dir='ltr'>vio</span> 
     </span>
    </p>
   </div>
   <div class='ocr_carea' id='block_1_2' title="bbox 1031 837 2469 912">
    <p class='ocr_par' dir='ltr' id='par_1_2' title="bbox 1031 837 2469 912">
     <span class='ocr_line' id='line_1_4' title="bbox 1031 837 2469 912; baseline 0.006 -8"><span class='ocrx_word' id='word_1_7' title='bbox 1031 837 1166 906; x_wconf 81' lang='lat'>232</span> <span class='ocrx_word' id='word_1_8' title='bbox 1675 855 1965 912; x_wconf 74' lang='lat' dir='ltr'>RoBERTI</span> <span class='ocrx_word' id='word_1_9' title='bbox 2010 857 2469 912; x_wconf 67' lang='lat' dir='ltr'>cnossurusrss</span> 
     </span>
    </p>
   </div>
   <div class='ocr_carea' id='block_1_3' title="bbox 947 1033 3115 1842">
    <p class='ocr_par' dir='ltr' id='par_1_3' title="bbox 1029 1033 3113 1620">
     <span class='ocr_line' id='line_1_5' title="bbox 1029 1033 3111 1124; baseline 0.003 -22"><span class='ocrx_word' id='word_1_10' title='bbox 1029 1035 1398 1124; x_wconf 85' lang='lat' dir='ltr'>impeditur.</span> <span class='ocrx_word' id='word_1_11' title='bbox 1459 1061 1466 1074; x_wconf 50' lang='lat'>⁴·</span> <span class='ocrx_word' id='word_1_12' title='bbox 1533 1033 1866 1116; x_wconf 76' lang='lat' dir='ltr'>Sextum,&#39;</span> <span class='ocrx_word' id='word_1_13' title='bbox 1909 1037 2081 1124; x_wconf 86' lang='lat' dir='ltr'>quod</span> <span class='ocrx_word' id='word_1_14' title='bbox 2152 1057 2271 1104; x_wconf 80' lang='lat' dir='ltr'>rex</span> <span class='ocrx_word' id='word_1_15' title='bbox 2344 1039 2413 1100; x_wconf 89' lang='lat' dir='ltr'>et</span> <span class='ocrx_word' id='word_1_16' title='bbox 2478 1033 2733 1120; x_wconf 86' lang='lat' dir='ltr'>judices</span> <span class='ocrx_word' id='word_1_17' title='bbox 2806 1043 3111 1112; x_wconf 80' lang='lat' dir='ltr'>seculares</span> 
     </span>
     <span class='ocr_line' id='line_1_6' title="bbox 1031 1141 3113 1230; baseline 0.001 -24"><span class='ocrx_word' id='word_1_18' title='bbox 1031 1141 1322 1228; x_wconf 82' lang='lat' dir='ltr'>graviter</span> <span class='ocrx_word' id='word_1_19' title='bbox 1391 1145 1678 1228; x_wconf 88' lang='lat' dir='ltr'>peccant,</span> <span class='ocrx_word' id='word_1_20' title='bbox 1727 1161 1876 1206; x_wconf 90' lang='lat' dir='ltr'>cum</span> <span class='ocrx_word' id='word_1_21' title='bbox 1944 1143 2271 1230; x_wconf 87' lang='lat' dir='ltr'>episcopos</span> <span class='ocrx_word' id='word_1_22' title='bbox 2324 1157 2541 1202; x_wconf 84' lang='lat' dir='ltr'>coram</span> <span class='ocrx_word' id='word_1_23' title='bbox 2602 1159 2669 1202; x_wconf 87' lang='lat' dir='ltr'>se</span> <span class='ocrx_word' id='word_1_24' title='bbox 2734 1145 3113 1226; x_wconf 83' lang='lat' dir='ltr'>respondere</span> 
     </span>
     <span class='ocr_line' id='line_1_7' title="bbox 1031 1243 3111 1332; baseline 0.001 -22"><span class='ocrx_word' id='word_1_25' title='bbox 1031 1244 1448 1330; x_wconf 88' lang='lat' dir='ltr'>compellunt,</span> <span class='ocrx_word' id='word_1_26' title='bbox 1521 1265 1720 1332; x_wconf 87' lang='lat' dir='ltr'>quare</span> <span class='ocrx_word' id='word_1_27' title='bbox 1787 1245 2099 1330; x_wconf 87' lang='lat' dir='ltr'>quosdam</span> <span class='ocrx_word' id='word_1_28' title='bbox 2172 1243 2601 1330; x_wconf 74' lang='lat' dir='ltr'>praesentatos</span> <span class='ocrx_word' id='word_1_29' title='bbox 2666 1243 2753 1306; x_wconf 91' lang='lat' dir='ltr'>ad</span> <span class='ocrx_word' id='word_1_30' title='bbox 2826 1245 3111 1314; x_wconf 87' lang='lat' dir='ltr'>ecclesias</span> 
     </span>
     <span class='ocr_line' id='line_1_8' title="bbox 1033 1343 3111 1431; baseline -0.001 -19"><span class='ocrx_word' id='word_1_31' title='bbox 1033 1367 1172 1412; x_wconf 87' lang='lat' dir='ltr'>non</span> <span class='ocrx_word' id='word_1_32' title='bbox 1243 1347 1626 1426; x_wconf 84' lang='lat' dir='ltr'>admittunt,</span> <span class='ocrx_word' id='word_1_33' title='bbox 1703 1351 1772 1412; x_wconf 90' lang='lat' dir='ltr'>et</span> <span class='ocrx_word' id='word_1_34' title='bbox 1845 1369 1886 1410; x_wconf 91' lang='lat' dir='ltr'>a</span> <span class='ocrx_word' id='word_1_35' title='bbox 1958 1345 2157 1412; x_wconf 86' lang='lat' dir='ltr'>simili</span> <span class='ocrx_word' id='word_1_36' title='bbox 2230 1365 2429 1431; x_wconf 87' lang='lat' dir='ltr'>quare</span> <span class='ocrx_word' id='word_1_37' title='bbox 2496 1343 2775 1430; x_wconf 75' lang='lat' dir='ltr'>episcopi</span> <span class='ocrx_word' id='word_1_38' title='bbox 2838 1345 2967 1410; x_wconf 89' lang='lat' dir='ltr'>alia</span> <span class='ocrx_word' id='word_1_39' title='bbox 3030 1351 3111 1414; x_wconf 83' lang='lat' dir='ltr'>ad</span> 
     </span>
     <span class='ocr_line' id='line_1_9' title="bbox 1037 1445 3113 1538; baseline 0 -24"><span class='ocrx_word' id='word_1_40' title='bbox 1037 1449 1320 1514; x_wconf 88' lang='lat' dir='ltr'>officium</span> <span class='ocrx_word' id='word_1_41' title='bbox 1379 1449 1738 1538; x_wconf 75' lang='lat' dir='ltr'>episcopale</span> <span class='ocrx_word' id='word_1_42' title='bbox 1799 1449 2011 1514; x_wconf 87' lang='lat' dir='ltr'>solum</span> <span class='ocrx_word' id='word_1_43' title='bbox 2072 1445 2439 1536; x_wconf 86' lang='lat' dir='ltr'>spectantia</span> <span class='ocrx_word' id='word_1_44' title='bbox 2504 1445 2757 1512; x_wconf 86' lang='lat' dir='ltr'>faciunt</span> <span class='ocrx_word' id='word_1_45' title='bbox 2820 1447 2927 1512; x_wconf 78' lang='lat' dir='ltr'>vel</span> <span class='ocrx_word' id='word_1_46' title='bbox 2988 1471 3113 1514; x_wconf 88' lang='lat' dir='ltr'>non</span> 
     </span>
     <span class='ocr_line' id='line_1_10' title="bbox 1039 1551 1308 1620; baseline 0.007 -2"><span class='ocrx_word' id='word_1_47' title='bbox 1039 1551 1308 1620; x_wconf 86' lang='lat' dir='ltr'>faciunt.</span> 
     </span>
    </p>

    <p class='ocr_par' dir='ltr' id='par_1_4' title="bbox 947 1651 3115 1842">
     <span class='ocr_line' id='line_1_11' title="bbox 1135 1651 3109 1740; baseline 0 -20"><span class='ocrx_word' id='word_1_48' title='bbox 1135 1655 1456 1736; x_wconf 75' lang='lat' dir='ltr'>Quaedam</span> <span class='ocrx_word' id='word_1_49' title='bbox 1505 1659 1728 1720; x_wconf 88' lang='lat' dir='ltr'>autem</span> <span class='ocrx_word' id='word_1_50' title='bbox 1779 1653 1860 1720; x_wconf 92' lang='lat' dir='ltr'>de</span> <span class='ocrx_word' id='word_1_51' title='bbox 1919 1653 2229 1718; x_wconf 86' lang='lat' dir='ltr'>brevibus</span> <span class='ocrx_word' id='word_1_52' title='bbox 2290 1651 2541 1718; x_wconf 87' lang='lat' dir='ltr'>domini</span> <span class='ocrx_word' id='word_1_53' title='bbox 2598 1653 2769 1740; x_wconf 85' lang='lat' dir='ltr'>regis</span> <span class='ocrx_word' id='word_1_54' title='bbox 2828 1677 2973 1740; x_wconf 80' lang='lat' dir='ltr'>quae</span> <span class='ocrx_word' id='word_1_55' title='bbox 3028 1655 3109 1720; x_wconf 85' lang='lat' dir='ltr'>ad</span> 
     </span>
     <span class='ocr_line' id='line_1_12' title="bbox 947 1755 3115 1842; baseline 0.001 -20"><span class='ocrx_word' id='word_1_56' title='bbox 947 1784 1022 1834; x_wconf 82' lang='lat' dir='ltr'>la·</span> <span class='ocrx_word' id='word_1_57' title='bbox 1045 1779 1312 1824; x_wconf 86' lang='lat' dir='ltr'>manum</span> <span class='ocrx_word' id='word_1_58' title='bbox 1357 1761 1790 1836; x_wconf 85' lang='lat' dir='ltr'>occurrerunt,</span> <span class='ocrx_word' id='word_1_59' title='bbox 1835 1755 1922 1820; x_wconf 89' lang='lat' dir='ltr'>ad</span> <span class='ocrx_word' id='word_1_60' title='bbox 1966 1755 2437 1822; x_wconf 70' lang='lat' dir='ltr'>evidentiorem</span> <span class='ocrx_word' id='word_1_61' title='bbox 2484 1755 2915 1822; x_wconf 69' lang='lat' dir='ltr'>ostensionem</span> <span class='ocrx_word' id='word_1_62' title='bbox 2958 1779 3115 1842; x_wconf 83' lang='lat' dir='ltr'>prae-</span> 
     </span>
    </p>
   </div>
   <div class='ocr_carea' id='block_1_4' title="bbox 705 1851 3111 1944">
    <p class='ocr_par' dir='ltr' id='par_1_5' title="bbox 705 1851 3111 1944">
     <span class='ocr_line' id='line_1_13' title="bbox 705 1851 3111 1944; baseline 0.001 -22"><span class='ocrx_word' id='word_1_63' title='bbox 705 1855 838 1904; x_wconf 77' lang='lat' dir='ltr'>tions</span> <span class='ocrx_word' id='word_1_64' title='bbox 861 1853 920 1902; x_wconf 84' lang='lat' dir='ltr'>0f</span> <span class='ocrx_word' id='word_1_65' title='bbox 933 1851 1022 1902; x_wconf 83' lang='lat' dir='ltr'>the</span> <span class='ocrx_word' id='word_1_66' title='bbox 1043 1863 1368 1926; x_wconf 87' lang='lat' dir='ltr'>tactarum</span> <span class='ocrx_word' id='word_1_67' title='bbox 1397 1859 1830 1924; x_wconf 84' lang='lat' dir='ltr'>violationum</span> <span class='ocrx_word' id='word_1_68' title='bbox 1875 1863 1941 1924; x_wconf 89' lang='lat' dir='ltr'>et</span> <span class='ocrx_word' id='word_1_69' title='bbox 1986 1858 2553 1944; x_wconf 67' lang='lat' dir='ltr'>perturbationum</span> <span class='ocrx_word' id='word_1_70' title='bbox 2590 1859 2759 1944; x_wconf 85' lang='lat' dir='ltr'>juris</span> <span class='ocrx_word' id='word_1_71' title='bbox 2802 1863 2871 1924; x_wconf 90' lang='lat' dir='ltr'>et</span> <span class='ocrx_word' id='word_1_72' title='bbox 2926 1859 3111 1926; x_wconf 85' lang='lat' dir='ltr'>liber-</span> 
     </span>
    </p>
   </div>
   <div class='ocr_carea' id='block_1_5' title="bbox 705 1919 936 2052">
    <p class='ocr_par' dir='ltr' id='par_1_6' title="bbox 705 1919 936 2052">
     <span class='ocr_line' id='line_1_14' title="bbox 705 1919 936 1970; baseline -0.009 0"><span class='ocrx_word' id='word_1_73' title='bbox 705 1919 936 1970; x_wconf 82' lang='lat' dir='ltr'>church&#39;s</span> 
     </span>
     <span class='ocr_line' id='line_1_15' title="bbox 709 1987 904 2052; baseline -0.015 -16"><span class='ocrx_word' id='word_1_74' title='bbox 709 1987 904 2052; x_wconf 78' lang='lat' dir='ltr'>liberty.</span> 
     </span>
    </p>
   </div>
   <div class='ocr_carea' id='block_1_6' title="bbox 1039 1959 2337 2046">
    <p class='ocr_par' dir='ltr' id='par_1_7' title="bbox 1039 1959 2337 2046">
     <span class='ocr_line' id='line_1_16' title="bbox 1039 1959 2337 2046; baseline 0 -20"><span class='ocrx_word' id='word_1_75' title='bbox 1039 1963 1200 2026; x_wconf 86' lang='lat' dir='ltr'>tatis</span> <span class='ocrx_word' id='word_1_76' title='bbox 1245 1959 1704 2038; x_wconf 70' lang='lat' dir='ltr'>ecclesiasticae,</span> <span class='ocrx_word' id='word_1_77' title='bbox 1751 1959 2121 2046; x_wconf 87' lang='lat' dir='ltr'>subscripta</span> <span class='ocrx_word' id='word_1_78' title='bbox 2164 1965 2337 2026; x_wconf 88' lang='lat' dir='ltr'>sunt.</span> 
     </span>
    </p>
   </div>
   <div class='ocr_carea' id='block_1_7' title="bbox 1031 2099 3115 4524">
    <p class='ocr_par' dir='ltr' id='par_1_8' title="bbox 1031 2099 3111 3516">
     <span class='ocr_line' id='line_1_17' title="bbox 1105 2099 3111 2174; baseline 0.001 -18"><span class='ocrx_word' id='word_1_79' title='bbox 1105 2101 1418 2166; x_wconf 88' lang='lat' dir='ltr'>Henricus,</span> <span class='ocrx_word' id='word_1_80' title='bbox 1471 2099 1586 2154; x_wconf 87' lang='lat' dir='ltr'>Dei</span> <span class='ocrx_word' id='word_1_81' title='bbox 1635 2099 1844 2172; x_wconf 86' lang='lat' dir='ltr'>gratia,</span> <span class='ocrx_word' id='word_1_82' title='bbox 1895 2099 2025 2166; x_wconf 63' lang='lat' dir='ltr'>dcc„</span> <span class='ocrx_word' id='word_1_83' title='bbox 2080 2101 2349 2174; x_wconf 88' lang='lat' dir='ltr'>episcopo</span> <span class='ocrx_word' id='word_1_84' title='bbox 2400 2101 2509 2158; x_wconf 86' lang='lat' dir='ltr'>tali</span> <span class='ocrx_word' id='word_1_85' title='bbox 2568 2103 2831 2158; x_wconf 86' lang='lat' dir='ltr'>salutem.</span> <span class='ocrx_word' id='word_1_86' title='bbox 2908 2101 3111 2160; x_wconf 84' lang='lat' dir='ltr'>Sciatis</span> 
     </span>
     <span class='ocr_line' id='line_1_18' title="bbox 1035 2183 3111 2256; baseline 0.002 -18"><span class='ocrx_word' id='word_1_87' title='bbox 1035 2185 1190 2254; x_wconf 89' lang='lat' dir='ltr'>quod</span> <span class='ocrx_word' id='word_1_88' title='bbox 1223 2185 1296 2238; x_wconf 88' lang='lat' dir='ltr'>de</span> <span class='ocrx_word' id='word_1_89' title='bbox 1319 2183 1562 2238; x_wconf 85' lang='lat' dir='ltr'>consilio</span> <span class='ocrx_word' id='word_1_90' title='bbox 1595 2187 1796 2238; x_wconf 81' lang='lat' dir='ltr'>nostro</span> <span class='ocrx_word' id='word_1_91' title='bbox 1831 2183 2259 2256; x_wconf 80' lang='lat' dir='ltr'>assignavimus</span> <span class='ocrx_word' id='word_1_92' title='bbox 2296 2185 2611 2242; x_wconf 83' lang='lat' dir='ltr'>dilectum¹</span> <span class='ocrx_word' id='word_1_93' title='bbox 2634 2187 2799 2240; x_wconf 86' lang='lat' dir='ltr'>nobis</span> <span class='ocrx_word' id='word_1_94' title='bbox 2824 2185 3015 2252; x_wconf 88' lang='lat' dir='ltr'>talem,</span> <span class='ocrx_word' id='word_1_95' title='bbox 3042 2187 3111 2242; x_wconf 90' lang='lat' dir='ltr'>de</span> 
     </span>
     <span class='ocr_line' id='line_1_19' title="bbox 1031 2265 3111 2338; baseline 0.002 -16"><span class='ocrx_word' id='word_1_96' title='bbox 1031 2265 1198 2336; x_wconf 85' lang='lat' dir='ltr'>cujus</span> <span class='ocrx_word' id='word_1_97' title='bbox 1251 2265 1530 2322; x_wconf 86' lang='lat' dir='ltr'>fidelitate</span> <span class='ocrx_word' id='word_1_98' title='bbox 1565 2267 1900 2338; x_wconf 24' lang='lat' dir='ltr'>‘plurimum</span> <span class='ocrx_word' id='word_1_99' title='bbox 1950 2269 2311 2334; x_wconf 86' lang='lat' dir='ltr'>confidimus,</span> <span class='ocrx_word' id='word_1_100' title='bbox 2352 2269 2427 2324; x_wconf 88' lang='lat' dir='ltr'>ad</span> <span class='ocrx_word' id='word_1_101' title='bbox 2474 2269 2833 2324; x_wconf 80' lang='lat' dir='ltr'>tricesimam</span> <span class='ocrx_word' id='word_1_102' title='bbox 2866 2275 3111 2326; x_wconf 85' lang='lat' dir='ltr'>nostram</span> 
     </span>
     <span class='ocr_line' id='line_1_20' title="bbox 1031 2349 3111 2424; baseline 0.002 -18"><span class='ocrx_word' id='word_1_103' title='bbox 1031 2351 1094 2406; x_wconf 86' lang='lat' dir='ltr'>in</span> <span class='ocrx_word' id='word_1_104' title='bbox 1151 2349 1430 2406; x_wconf 85' lang='lat' dir='ltr'>comitatu</span> <span class='ocrx_word' id='word_1_105' title='bbox 1483 2351 1592 2406; x_wconf 88' lang='lat' dir='ltr'>tali</span> <span class='ocrx_word' id='word_1_106' title='bbox 1649 2351 2019 2406; x_wconf 85' lang='lat' dir='ltr'>assidendam</span> <span class='ocrx_word' id='word_1_107' title='bbox 2074 2357 2135 2408; x_wconf 89' lang='lat' dir='ltr'>et</span> <span class='ocrx_word' id='word_1_108' title='bbox 2190 2353 2583 2424; x_wconf 83' lang='lat' dir='ltr'>colligendam</span> <span class='ocrx_word' id='word_1_109' title='bbox 2640 2371 2757 2406; x_wconf 84' lang='lat' dir='ltr'>una</span> <span class='ocrx_word' id='word_1_110' title='bbox 2810 2371 2943 2408; x_wconf 85' lang='lat' dir='ltr'>cum</span> <span class='ocrx_word' id='word_1_111' title='bbox 2988 2355 3111 2410; x_wconf 83' lang='lat' dir='ltr'>aliis</span> 
     </span>
     <span class='ocr_line' id='line_1_21' title="bbox 1031 2433 3111 2508; baseline 0 -18"><span class='ocrx_word' id='word_1_112' title='bbox 1031 2433 1298 2490; x_wconf 86' lang='lat' dir='ltr'>fidelibus</span> <span class='ocrx_word' id='word_1_113' title='bbox 1333 2435 1548 2490; x_wconf 84' lang='lat' dir='ltr'>nostris</span> <span class='ocrx_word' id='word_1_114' title='bbox 1571 2437 1965 2490; x_wconf 78' lang='lat' dir='ltr'>assessoribus</span> <span class='ocrx_word' id='word_1_115' title='bbox 2004 2441 2061 2492; x_wconf 90' lang='lat' dir='ltr'>et</span> <span class='ocrx_word' id='word_1_116' title='bbox 2084 2435 2493 2492; x_wconf 74' lang='lat' dir='ltr'>collectoribus</span> <span class='ocrx_word' id='word_1_117' title='bbox 2528 2437 2791 2508; x_wconf 80' lang='lat' dir='ltr'>ejusdem</span> <span class='ocrx_word' id='word_1_118' title='bbox 2810 2437 3111 2492; x_wconf 81' lang='lat' dir='ltr'>tricesimae</span> 
     </span>
     <span class='ocr_line' id='line_1_22' title="bbox 1031 2519 3111 2592; baseline 0 -18"><span class='ocrx_word' id='word_1_119' title='bbox 1031 2519 1094 2574; x_wconf 89' lang='lat' dir='ltr'>in</span> <span class='ocrx_word' id='word_1_120' title='bbox 1129 2519 1332 2574; x_wconf 88' lang='lat' dir='ltr'>eodem</span> <span class='ocrx_word' id='word_1_121' title='bbox 1367 2519 1664 2586; x_wconf 80' lang='lat' dir='ltr'>comitatu,</span> <span class='ocrx_word' id='word_1_122' title='bbox 1703 2521 1820 2586; x_wconf 89' lang='lat' dir='ltr'>cui,</span> <span class='ocrx_word' id='word_1_123' title='bbox 1859 2525 2037 2592; x_wconf 84' lang='lat' dir='ltr'>prout</span> <span class='ocrx_word' id='word_1_124' title='bbox 2072 2521 2241 2576; x_wconf 85' lang='lat' dir='ltr'>nobis</span> <span class='ocrx_word' id='word_1_125' title='bbox 2280 2519 2673 2592; x_wconf 86' lang='lat' dir='ltr'>significatum</span> <span class='ocrx_word' id='word_1_126' title='bbox 2706 2521 2839 2586; x_wconf 83' lang='lat' dir='ltr'>fuit,</span> <span class='ocrx_word' id='word_1_127' title='bbox 2876 2521 3111 2576; x_wconf 87' lang='lat' dir='ltr'>firmiter</span> 
     </span>
     <span class='ocr_line' id='line_1_23' title="bbox 1031 2603 3111 2676; baseline 0 -18"><span class='ocrx_word' id='word_1_128' title='bbox 1031 2605 1252 2660; x_wconf 85' lang='lat' dir='ltr'>fecistis</span> <span class='ocrx_word' id='word_1_129' title='bbox 1287 2605 1558 2670; x_wconf 87' lang='lat' dir='ltr'>inhiberi,</span> <span class='ocrx_word' id='word_1_130' title='bbox 1597 2623 1672 2660; x_wconf 89' lang='lat' dir='ltr'>ne</span> <span class='ocrx_word' id='word_1_131' title='bbox 1709 2605 1818 2660; x_wconf 84' lang='lat' dir='ltr'>sub</span> <span class='ocrx_word' id='word_1_132' title='bbox 1841 2605 2103 2676; x_wconf 88' lang='lat' dir='ltr'>periculo</span> <span class='ocrx_word' id='word_1_133' title='bbox 2124 2603 2539 2660; x_wconf 86' lang='lat' dir='ltr'>beneficiorum</span> <span class='ocrx_word' id='word_1_134' title='bbox 2574 2623 2811 2660; x_wconf 87' lang='lat' dir='ltr'>suorum</span> <span class='ocrx_word' id='word_1_135' title='bbox 2846 2605 3111 2676; x_wconf 76' lang='lat' dir='ltr'>praedicto</span> 
     </span>
     <span class='ocr_line' id='line_1_24' title="bbox 1031 2689 3111 2760; baseline -0.001 -16"><span class='ocrx_word' id='word_1_136' title='bbox 1031 2691 1264 2760; x_wconf 83' lang='lat' dir='ltr'>negotio</span> <span class='ocrx_word' id='word_1_137' title='bbox 1301 2689 1666 2760; x_wconf 85' lang='lat' dir='ltr'>aliquatenus</span> <span class='ocrx_word' id='word_1_138' title='bbox 1701 2689 2049 2744; x_wconf 84' lang='lat' dir='ltr'>intenderet.</span> <span class='ocrx_word' id='word_1_139' title='bbox 2126 2689 2275 2758; x_wconf 72' lang='lat' dir='ltr'>Quia</span> <span class='ocrx_word' id='word_1_140' title='bbox 2294 2707 2437 2744; x_wconf 76' lang='lat' dir='ltr'>vero</span> <span class='ocrx_word' id='word_1_141' title='bbox 2460 2689 2533 2742; x_wconf 88' lang='lat' dir='ltr'>de</span> <span class='ocrx_word' id='word_1_142' title='bbox 2556 2691 2901 2760; x_wconf 82' lang='lat' dir='ltr'>paternitate</span> <span class='ocrx_word' id='word_1_143' title='bbox 2922 2695 3111 2744; x_wconf 81' lang='lat' dir='ltr'>vestra</span> 
     </span>
     <span class='ocr_line' id='line_1_25' title="bbox 1033 2771 3111 2844; baseline -0.001 -16"><span class='ocrx_word' id='word_1_144' title='bbox 1033 2773 1364 2844; x_wconf 83' lang='lat' dir='ltr'>specialiter</span> <span class='ocrx_word' id='word_1_145' title='bbox 1397 2771 1760 2838; x_wconf 84' lang='lat' dir='ltr'>confidimus,</span> <span class='ocrx_word' id='word_1_146' title='bbox 1801 2779 1862 2828; x_wconf 80' lang='lat' dir='ltr'>et</span> <span class='ocrx_word' id='word_1_147' title='bbox 1897 2771 2055 2844; x_wconf 86' lang='lat' dir='ltr'>quod</span> <span class='ocrx_word' id='word_1_148' title='bbox 2088 2777 2211 2828; x_wconf 85' lang='lat' dir='ltr'>tam</span> <span class='ocrx_word' id='word_1_149' title='bbox 2234 2771 2603 2828; x_wconf 88' lang='lat' dir='ltr'>commodum</span> <span class='ocrx_word' id='word_1_150' title='bbox 2638 2789 2811 2844; x_wconf 85' lang='lat' dir='ltr'>quam</span> <span class='ocrx_word' id='word_1_151' title='bbox 2844 2773 3111 2828; x_wconf 84' lang='lat' dir='ltr'>honorem</span> 
     </span>
     <span class='ocr_line' id='line_1_26' title="bbox 1031 2855 3109 2928; baseline 0 -18"><span class='ocrx_word' id='word_1_152' title='bbox 1031 2861 1298 2912; x_wconf 84' lang='lat' dir='ltr'>nostrum</span> <span class='ocrx_word' id='word_1_153' title='bbox 1355 2873 1426 2912; x_wconf 85' lang='lat' dir='ltr'>ex</span> <span class='ocrx_word' id='word_1_154' title='bbox 1485 2857 1678 2912; x_wconf 87' lang='lat' dir='ltr'>animo</span> <span class='ocrx_word' id='word_1_155' title='bbox 1739 2855 2009 2928; x_wconf 85' lang='lat' dir='ltr'>diligitis,</span> <span class='ocrx_word' id='word_1_156' title='bbox 2070 2861 2133 2912; x_wconf 89' lang='lat' dir='ltr'>et</span> <span class='ocrx_word' id='word_1_157' title='bbox 2190 2857 2367 2912; x_wconf 85' lang='lat' dir='ltr'>etiam</span> <span class='ocrx_word' id='word_1_158' title='bbox 2424 2855 2665 2928; x_wconf 85' lang='lat' dir='ltr'>majora,</span> <span class='ocrx_word' id='word_1_159' title='bbox 2742 2855 2793 2910; x_wconf 90' lang='lat' dir='ltr'>si</span> <span class='ocrx_word' id='word_1_160' title='bbox 2862 2875 2899 2910; x_wconf 90' lang='lat' dir='ltr'>a</span> <span class='ocrx_word' id='word_1_161' title='bbox 2952 2857 3109 2912; x_wconf 84' lang='lat' dir='ltr'>vobis</span> 
     </span>
     <span class='ocr_line' id='line_1_27' title="bbox 1033 2939 3107 3012; baseline 0 -18"><span class='ocrx_word' id='word_1_162' title='bbox 1033 2945 1386 3012; x_wconf 79' lang='lat' dir='ltr'>peteremus,</span> <span class='ocrx_word' id='word_1_163' title='bbox 1423 2941 1592 2998; x_wconf 87' lang='lat' dir='ltr'>nobis</span> <span class='ocrx_word' id='word_1_164' title='bbox 1629 2941 1890 2996; x_wconf 83' lang='lat' dir='ltr'>libentur</span> <span class='ocrx_word' id='word_1_165' title='bbox 1933 2939 2349 3008; x_wconf 73' lang='lat' dir='ltr'>concederetiS,</span> <span class='ocrx_word' id='word_1_166' title='bbox 2388 2959 2493 2998; x_wconf 85' lang='lat' dir='ltr'>vos</span> <span class='ocrx_word' id='word_1_167' title='bbox 2534 2941 2811 2998; x_wconf 86' lang='lat' dir='ltr'>attentius</span> <span class='ocrx_word' id='word_1_168' title='bbox 2850 2939 3107 2996; x_wconf 86' lang='lat' dir='ltr'>duximus</span> 
     </span>
     <span class='ocr_line' id='line_1_28' title="bbox 1033 3025 3109 3096; baseline 0 -18"><span class='ocrx_word' id='word_1_169' title='bbox 1033 3025 1370 3090; x_wconf 78' lang='lat' dir='ltr'>exorandos,</span> <span class='ocrx_word' id='word_1_170' title='bbox 1433 3025 1708 3096; x_wconf 81' lang='lat' dir='ltr'>quatinus</span> <span class='ocrx_word' id='word_1_171' title='bbox 1767 3025 1965 3090; x_wconf 86' lang='lat' dir='ltr'>talem,</span> <span class='ocrx_word' id='word_1_172' title='bbox 2006 3025 2109 3096; x_wconf 86' lang='lat' dir='ltr'>qui</span> <span class='ocrx_word' id='word_1_173' title='bbox 2164 3025 2229 3080; x_wconf 85' lang='lat' dir='ltr'>in</span> <span class='ocrx_word' id='word_1_174' title='bbox 2286 3031 2607 3080; x_wconf 87' lang='lat' dir='ltr'>memorato</span> <span class='ocrx_word' id='word_1_175' title='bbox 2660 3025 2895 3096; x_wconf 86' lang='lat' dir='ltr'>negotio</span> <span class='ocrx_word' id='word_1_176' title='bbox 2952 3025 3109 3078; x_wconf 88' lang='lat' dir='ltr'>nobis</span> 
     </span>
     <span class='ocr_line' id='line_1_29' title="bbox 1031 3105 3107 3180; baseline 0 -18"><span class='ocrx_word' id='word_1_177' title='bbox 1031 3109 1352 3180; x_wconf 85' lang='lat' dir='ltr'>plurimum</span> <span class='ocrx_word' id='word_1_178' title='bbox 1375 3109 1538 3164; x_wconf 90' lang='lat' dir='ltr'>utilis</span> <span class='ocrx_word' id='word_1_179' title='bbox 1569 3113 1660 3164; x_wconf 89' lang='lat' dir='ltr'>est</span> <span class='ocrx_word' id='word_1_180' title='bbox 1695 3113 1756 3162; x_wconf 85' lang='lat' dir='ltr'>et</span> <span class='ocrx_word' id='word_1_181' title='bbox 1775 3107 2157 3174; x_wconf 86' lang='lat' dir='ltr'>necessarius,</span> <span class='ocrx_word' id='word_1_182' title='bbox 2184 3107 2259 3162; x_wconf 88' lang='lat' dir='ltr'>ad</span> <span class='ocrx_word' id='word_1_183' title='bbox 2280 3107 2391 3166; x_wconf 87' lang='lat' dir='ltr'>hoc</span> <span class='ocrx_word' id='word_1_184' title='bbox 2412 3109 2715 3164; x_wconf 86' lang='lat' dir='ltr'>intendere</span> <span class='ocrx_word' id='word_1_185' title='bbox 2748 3105 3107 3180; x_wconf 72' lang='lat' dir='ltr'>permittatiS,</span> 
     </span>
     <span class='ocr_line' id='line_1_30' title="bbox 1033 3191 3109 3266; baseline 0 -18"><span class='ocrx_word' id='word_1_186' title='bbox 1033 3199 1094 3248; x_wconf 87' lang='lat' dir='ltr'>ct</span> <span class='ocrx_word' id='word_1_187' title='bbox 1131 3193 1286 3264; x_wconf 89' lang='lat' dir='ltr'>quod</span> <span class='ocrx_word' id='word_1_188' title='bbox 1319 3211 1496 3264; x_wconf 89' lang='lat' dir='ltr'>super</span> <span class='ocrx_word' id='word_1_189' title='bbox 1529 3195 1640 3250; x_wconf 89' lang='lat' dir='ltr'>hoc</span> <span class='ocrx_word' id='word_1_190' title='bbox 1677 3191 1959 3250; x_wconf 83' lang='lat' dir='ltr'>duxeritis</span> <span class='ocrx_word' id='word_1_191' title='bbox 1998 3193 2345 3258; x_wconf 83' lang='lat' dir='ltr'>faciendum,</span> <span class='ocrx_word' id='word_1_192' title='bbox 2384 3193 2679 3266; x_wconf 79' lang='lat' dir='ltr'>praedictis</span> <span class='ocrx_word' id='word_1_193' title='bbox 2716 3193 3109 3248; x_wconf 70' lang='lat' dir='ltr'>collectoribus</span> 
     </span>
     <span class='ocr_line' id='line_1_31' title="bbox 1033 3277 3111 3348; baseline 0 -16"><span class='ocrx_word' id='word_1_194' title='bbox 1033 3283 1094 3332; x_wconf 87' lang='lat' dir='ltr'>et</span> <span class='ocrx_word' id='word_1_195' title='bbox 1163 3277 1554 3332; x_wconf 86' lang='lat' dir='ltr'>assessoribus</span> <span class='ocrx_word' id='word_1_196' title='bbox 1627 3277 1949 3330; x_wconf 86' lang='lat' dir='ltr'>literatorie</span> <span class='ocrx_word' id='word_1_197' title='bbox 2022 3277 2353 3348; x_wconf 84' lang='lat' dir='ltr'>significare</span> <span class='ocrx_word' id='word_1_198' title='bbox 2422 3277 2621 3332; x_wconf 82' lang='lat' dir='ltr'>velitis</span> <span class='ocrx_word' id='word_1_199' title='bbox 2648 3299 2661 3342; x_wconf 84' lang='lat'>3</span> <span class='ocrx_word' id='word_1_200' title='bbox 2738 3277 2931 3332; x_wconf 84' lang='lat' dir='ltr'>taliter</span> <span class='ocrx_word' id='word_1_201' title='bbox 3012 3279 3111 3332; x_wconf 85' lang='lat' dir='ltr'>has</span> 
     </span>
     <span class='ocr_line' id='line_1_32' title="bbox 1031 3359 3111 3432; baseline 0 -18"><span class='ocrx_word' id='word_1_202' title='bbox 1031 3379 1234 3432; x_wconf 87' lang='lat' dir='ltr'>preces</span> <span class='ocrx_word' id='word_1_203' title='bbox 1291 3367 1520 3416; x_wconf 80' lang='lat' dir='ltr'>nostras</span> <span class='ocrx_word' id='word_1_204' title='bbox 1577 3359 1947 3416; x_wconf 81' lang='lat' dir='ltr'>exaudientes</span> <span class='ocrx_word' id='word_1_205' title='bbox 2020 3365 2089 3416; x_wconf 85' lang='lat' dir='ltr'>ut</span> <span class='ocrx_word' id='word_1_206' title='bbox 2154 3361 2493 3432; x_wconf 84' lang='lat' dir='ltr'>paternitati</span> <span class='ocrx_word' id='word_1_207' title='bbox 2560 3365 2771 3416; x_wconf 77' lang='lat' dir='ltr'>vestrae</span> <span class='ocrx_word' id='word_1_208' title='bbox 2844 3361 3111 3432; x_wconf 86' lang='lat' dir='ltr'>speciales</span> 
     </span>
     <span class='ocr_line' id='line_1_33' title="bbox 1031 3443 2973 3516; baseline 0 -18"><span class='ocrx_word' id='word_1_209' title='bbox 1031 3445 1254 3500; x_wconf 84' lang='lat' dir='ltr'>referre</span> <span class='ocrx_word' id='word_1_210' title='bbox 1289 3445 1600 3498; x_wconf 84' lang='lat' dir='ltr'>debeamus</span> <span class='ocrx_word' id='word_1_211' title='bbox 1637 3445 1965 3516; x_wconf 85' lang='lat' dir='ltr'>gratiarum</span> <span class='ocrx_word' id='word_1_212' title='bbox 2000 3443 2271 3500; x_wconf 78' lang='lat' dir='ltr'>actiones·</span> <span class='ocrx_word' id='word_1_213' title='bbox 2348 3445 2521 3500; x_wconf 77' lang='lat' dir='ltr'>Teste</span> <span class='ocrx_word' id='word_1_214' title='bbox 2556 3463 2649 3498; x_wconf 87' lang='lat' dir='ltr'>me</span> <span class='ocrx_word' id='word_1_215' title='bbox 2684 3445 2831 3516; x_wconf 84' lang='lat' dir='ltr'>ipsc,</span> <span class='ocrx_word' id='word_1_216' title='bbox 2870 3445 2973 3498; x_wconf 62' lang='lat' dir='ltr'>dvc.</span> 
     </span>
    </p>

    <p class='ocr_par' dir='ltr' id='par_1_9' title="bbox 1031 3525 3113 4270">
     <span class='ocr_line' id='line_1_34' title="bbox 1103 3525 3109 3600; baseline -0.001 -16"><span class='ocrx_word' id='word_1_217' title='bbox 1103 3529 1416 3594; x_wconf 86' lang='lat' dir='ltr'>Henricus,</span> <span class='ocrx_word' id='word_1_218' title='bbox 1473 3527 1586 3584; x_wconf 89' lang='lat' dir='ltr'>Dei</span> <span class='ocrx_word' id='word_1_219' title='bbox 1641 3529 1850 3600; x_wconf 85' lang='lat' dir='ltr'>gratia,</span> <span class='ocrx_word' id='word_1_220' title='bbox 1907 3525 2033 3596; x_wconf 41' lang='lat' dir='ltr'>&amp;eq</span> <span class='ocrx_word' id='word_1_221' title='bbox 2088 3529 2361 3600; x_wconf 86' lang='lat' dir='ltr'>episcopo</span> <span class='ocrx_word' id='word_1_222' title='bbox 2408 3529 2517 3584; x_wconf 88' lang='lat' dir='ltr'>tali</span> <span class='ocrx_word' id='word_1_223' title='bbox 2554 3529 2831 3586; x_wconf 87' lang='lat' dir='ltr'>salu-tem.</span> <span class='ocrx_word' id='word_1_224' title='bbox 2908 3527 3109 3584; x_wconf 79' lang='lat' dir='ltr'>Sciatis</span> 
     </span>
     <span class='ocr_line' id='line_1_35' title="bbox 1033 3611 3111 3684; baseline 0.001 -18"><span class='ocrx_word' id='word_1_225' title='bbox 1033 3613 1190 3684; x_wconf 83' lang='lat' dir='ltr'>quod</span> <span class='ocrx_word' id='word_1_226' title='bbox 1223 3613 1358 3668; x_wconf 84' lang='lat' dir='ltr'>talis</span> <span class='ocrx_word' id='word_1_227' title='bbox 1397 3611 1568 3668; x_wconf 84' lang='lat' dir='ltr'>debet</span> <span class='ocrx_word' id='word_1_228' title='bbox 1601 3613 1772 3668; x_wconf 85' lang='lat' dir='ltr'>nobis</span> <span class='ocrx_word' id='word_1_229' title='bbox 1805 3633 1886 3668; x_wconf 84' lang='lat' dir='ltr'>m.</span> <span class='ocrx_word' id='word_1_230' title='bbox 1937 3613 2121 3668; x_wconf 82' lang='lat' dir='ltr'>libras</span> <span class='ocrx_word' id='word_1_231' title='bbox 2174 3613 2247 3668; x_wconf 88' lang='lat' dir='ltr'>de</span> <span class='ocrx_word' id='word_1_232' title='bbox 2280 3615 2395 3668; x_wconf 85' lang='lat' dir='ltr'>fine</span> <span class='ocrx_word' id='word_1_233' title='bbox 2438 3631 2613 3684; x_wconf 89' lang='lat' dir='ltr'>quem</span> <span class='ocrx_word' id='word_1_234' title='bbox 2646 3613 2813 3668; x_wconf 86' lang='lat' dir='ltr'>nobis</span> <span class='ocrx_word' id='word_1_235' title='bbox 2850 3613 3013 3680; x_wconf 84' lang='lat' dir='ltr'>fecit3</span> <span class='ocrx_word' id='word_1_236' title='bbox 3054 3619 3111 3668; x_wconf 87' lang='lat' dir='ltr'>et</span> 
     </span>
     <span class='ocr_line' id='line_1_36' title="bbox 1033 3697 3109 3768; baseline 0.001 -18"><span class='ocrx_word' id='word_1_237' title='bbox 1033 3699 1172 3768; x_wconf 87' lang='lat' dir='ltr'>quia</span> <span class='ocrx_word' id='word_1_238' title='bbox 1205 3715 1322 3750; x_wconf 89' lang='lat' dir='ltr'>non</span> <span class='ocrx_word' id='word_1_239' title='bbox 1355 3697 1530 3752; x_wconf 89' lang='lat' dir='ltr'>habet</span> <span class='ocrx_word' id='word_1_240' title='bbox 1575 3697 1794 3750; x_wconf 86' lang='lat' dir='ltr'>laicum</span> <span class='ocrx_word' id='word_1_241' title='bbox 1843 3697 2079 3752; x_wconf 85' lang='lat' dir='ltr'>feodum</span> <span class='ocrx_word' id='word_1_242' title='bbox 2130 3715 2235 3768; x_wconf 91' lang='lat' dir='ltr'>per</span> <span class='ocrx_word' id='word_1_243' title='bbox 2286 3697 2443 3768; x_wconf 84' lang='lat' dir='ltr'>quod</span> <span class='ocrx_word' id='word_1_244' title='bbox 2486 3697 2763 3768; x_wconf 81' lang='lat' dir='ltr'>distringi</span> <span class='ocrx_word' id='word_1_245' title='bbox 2794 3697 2979 3768; x_wconf 87' lang='lat' dir='ltr'>possit</span> <span class='ocrx_word' id='word_1_246' title='bbox 3008 3717 3109 3768; x_wconf 88' lang='lat' dir='ltr'>pro</span> 
     </span>
     <span class='ocr_line' id='line_1_37' title="bbox 1033 3781 3111 3854; baseline 0.001 -20"><span class='ocrx_word' id='word_1_247' title='bbox 1033 3781 1310 3852; x_wconf 66' lang='lat' dir='ltr'>praedicto</span> <span class='ocrx_word' id='word_1_248' title='bbox 1345 3781 1560 3846; x_wconf 71' lang='lat' dir='ltr'>debito,</span> <span class='ocrx_word' id='word_1_249' title='bbox 1599 3781 1766 3836; x_wconf 83' lang='lat' dir='ltr'>vobis</span> <span class='ocrx_word' id='word_1_250' title='bbox 1801 3781 2145 3838; x_wconf 85' lang='lat' dir='ltr'>mandamus</span> <span class='ocrx_word' id='word_1_251' title='bbox 2182 3783 2339 3852; x_wconf 87' lang='lat' dir='ltr'>quod</span> <span class='ocrx_word' id='word_1_252' title='bbox 2372 3781 2569 3854; x_wconf 85' lang='lat' dir='ltr'>ipsum</span> <span class='ocrx_word' id='word_1_253' title='bbox 2604 3781 2977 3852; x_wconf 84' lang='lat' dir='ltr'>destringatis</span> <span class='ocrx_word' id='word_1_254' title='bbox 3010 3801 3111 3854; x_wconf 82' lang='lat' dir='ltr'>per</span> 
     </span>
     <span class='ocr_line' id='line_1_38' title="bbox 1031 3863 3111 3946; baseline 0.002 -28"><span class='ocrx_word' id='word_1_255' title='bbox 1031 3863 1310 3920; x_wconf 86' lang='lat' dir='ltr'>beneficia</span> <span class='ocrx_word' id='word_1_256' title='bbox 1347 3881 1454 3918; x_wconf 87' lang='lat' dir='ltr'>sua</span> <span class='ocrx_word' id='word_1_257' title='bbox 1487 3865 1900 3930; x_wconf 87' lang='lat' dir='ltr'>ecclesiastica,</span> <span class='ocrx_word' id='word_1_258' title='bbox 1944 3883 2073 3936; x_wconf 84' lang='lat' dir='ltr'>quae</span> <span class='ocrx_word' id='word_1_259' title='bbox 2126 3867 2303 3922; x_wconf 88' lang='lat' dir='ltr'>habet</span> <span class='ocrx_word' id='word_1_260' title='bbox 2348 3867 2411 3920; x_wconf 85' lang='lat' dir='ltr'>in</span> <span class='ocrx_word' id='word_1_261' title='bbox 2446 3867 2783 3936; x_wconf 86' lang='lat' dir='ltr'>episcopatu</span> <span class='ocrx_word' id='word_1_262' title='bbox 2814 3871 3007 3946; x_wconf 85' lang='lat' dir='ltr'>vestro</span> <span class='ocrx_word' id='word_1_263' title='bbox 3042 3867 3111 3922; x_wconf 85' lang='lat' dir='ltr'>ad</span> 
     </span>
     <span class='ocr_line' id='line_1_39' title="bbox 1031 3947 3111 4018; baseline 0.001 -16"><span class='ocrx_word' id='word_1_264' title='bbox 1031 3947 1392 4002; x_wconf 86' lang='lat' dir='ltr'>reddendum</span> <span class='ocrx_word' id='word_1_265' title='bbox 1451 3947 1618 4002; x_wconf 88' lang='lat' dir='ltr'>nobis</span> <span class='ocrx_word' id='word_1_266' title='bbox 1679 3967 1762 4004; x_wconf 90' lang='lat' dir='ltr'>cc.</span> <span class='ocrx_word' id='word_1_267' title='bbox 1823 3949 2007 4004; x_wconf 83' lang='lat' dir='ltr'>libras</span> <span class='ocrx_word' id='word_1_268' title='bbox 2068 3947 2141 4002; x_wconf 90' lang='lat' dir='ltr'>de</span> <span class='ocrx_word' id='word_1_269' title='bbox 2200 3949 2405 4004; x_wconf 88' lang='lat' dir='ltr'>eodem</span> <span class='ocrx_word' id='word_1_270' title='bbox 2464 3951 2595 4004; x_wconf 87' lang='lat' dir='ltr'>fine.</span> <span class='ocrx_word' id='word_1_271' title='bbox 2670 3951 2767 4004; x_wconf 89' lang='lat' dir='ltr'>Ita</span> <span class='ocrx_word' id='word_1_272' title='bbox 2820 3951 2971 4018; x_wconf 87' lang='lat' dir='ltr'>quod</span> <span class='ocrx_word' id='word_1_273' title='bbox 3018 3969 3111 4004; x_wconf 85' lang='lat' dir='ltr'>eas</span> 
     </span>
     <span class='ocr_line' id='line_1_40' title="bbox 1031 4031 3111 4104; baseline 0.001 -18"><span class='ocrx_word' id='word_1_274' title='bbox 1031 4031 1292 4086; x_wconf 88' lang='lat' dir='ltr'>habeatis</span> <span class='ocrx_word' id='word_1_275' title='bbox 1329 4031 1404 4086; x_wconf 88' lang='lat' dir='ltr'>ad</span> <span class='ocrx_word' id='word_1_276' title='bbox 1439 4031 1796 4088; x_wconf 81' lang='lat' dir='ltr'>scaccarium</span> <span class='ocrx_word' id='word_1_277' title='bbox 1843 4039 2113 4088; x_wconf 77' lang='lat' dir='ltr'>nostrum</span> <span class='ocrx_word' id='word_1_278' title='bbox 2160 4051 2265 4104; x_wconf 87' lang='lat' dir='ltr'>per</span> <span class='ocrx_word' id='word_1_279' title='bbox 2306 4035 2565 4104; x_wconf 87' lang='lat' dir='ltr'>aliquem</span> <span class='ocrx_word' id='word_1_280' title='bbox 2602 4035 2671 4088; x_wconf 87' lang='lat' dir='ltr'>de</span> <span class='ocrx_word' id='word_1_281' title='bbox 2706 4035 2919 4090; x_wconf 78' lang='lat' dir='ltr'>vestris</span> <span class='ocrx_word' id='word_1_282' title='bbox 2954 4053 2989 4090; x_wconf 89' lang='lat' dir='ltr'>a</span> <span class='ocrx_word' id='word_1_283' title='bbox 3020 4035 3111 4088; x_wconf 85' lang='lat' dir='ltr'>dic</span> 
     </span>
     <span class='ocr_line' id='line_1_41' title="bbox 1033 4115 3113 4188; baseline 0.001 -18"><span class='ocrx_word' id='word_1_284' title='bbox 1033 4117 1218 4170; x_wconf 86' lang='lat' dir='ltr'>sancti</span> <span class='ocrx_word' id='word_1_285' title='bbox 1277 4115 1496 4170; x_wconf 88' lang='lat' dir='ltr'>Hilarii</span> <span class='ocrx_word' id='word_1_286' title='bbox 1565 4117 1722 4172; x_wconf 86' lang='lat' dir='ltr'>infra</span> <span class='ocrx_word' id='word_1_287' title='bbox 1789 4135 1884 4170; x_wconf 81' lang='lat' dir='ltr'>xv.</span> <span class='ocrx_word' id='word_1_288' title='bbox 1962 4115 2121 4182; x_wconf 83' lang='lat' dir='ltr'>dies3</span> <span class='ocrx_word' id='word_1_289' title='bbox 2160 4119 2423 4188; x_wconf 85' lang='lat' dir='ltr'>alioquin</span> <span class='ocrx_word' id='word_1_290' title='bbox 2494 4117 2787 4188; x_wconf 86' lang='lat' dir='ltr'>capiemus</span> <span class='ocrx_word' id='word_1_291' title='bbox 2846 4137 2949 4174; x_wconf 84' lang='lat' dir='ltr'>vos</span> <span class='ocrx_word' id='word_1_292' title='bbox 3006 4119 3077 4172; x_wconf 87' lang='lat' dir='ltr'>ad</span> <span class='ocrx_word' id='word_1_293' title='bbox 3092 4115 3113 4150; x_wconf 72' lang='lat'>‘⁸’</span> 
     </span>
     <span class='ocr_line' id='line_1_42' title="bbox 1031 4199 2347 4270; baseline 0.001 -16"><span class='ocrx_word' id='word_1_294' title='bbox 1031 4199 1330 4256; x_wconf 87' lang='lat' dir='ltr'>baroniam</span> <span class='ocrx_word' id='word_1_295' title='bbox 1363 4205 1640 4256; x_wconf 73' lang='lat' dir='ltr'>vestram.</span> <span class='ocrx_word' id='word_1_296' title='bbox 1715 4199 1886 4256; x_wconf 80' lang='lat' dir='ltr'>Teste</span> <span class='ocrx_word' id='word_1_297' title='bbox 1921 4217 2019 4254; x_wconf 83' lang='lat' dir='ltr'>me</span> <span class='ocrx_word' id='word_1_298' title='bbox 2052 4201 2199 4270; x_wconf 86' lang='lat' dir='ltr'>ipse,</span> <span class='ocrx_word' id='word_1_299' title='bbox 2242 4201 2347 4256; x_wconf 66' lang='lat' dir='ltr'>dvc.</span> 
     </span>
    </p>

    <p class='ocr_par' dir='ltr' id='par_1_10' title="bbox 1037 4283 3115 4524">
     <span class='ocr_line' id='line_1_43' title="bbox 1103 4283 3111 4356; baseline 0 -16"><span class='ocrx_word' id='word_1_300' title='bbox 1103 4285 1416 4350; x_wconf 84' lang='lat' dir='ltr'>Henricus,</span> <span class='ocrx_word' id='word_1_301' title='bbox 1471 4283 1584 4338; x_wconf 87' lang='lat' dir='ltr'>Dei</span> <span class='ocrx_word' id='word_1_302' title='bbox 1637 4285 1844 4356; x_wconf 85' lang='lat' dir='ltr'>gratia,</span> <span class='ocrx_word' id='word_1_303' title='bbox 1899 4283 2025 4350; x_wconf 62' lang='lat' dir='ltr'>dac„</span> <span class='ocrx_word' id='word_1_304' title='bbox 2084 4285 2355 4356; x_wconf 87' lang='lat' dir='ltr'>episcopo</span> <span class='ocrx_word' id='word_1_305' title='bbox 2412 4285 2519 4340; x_wconf 88' lang='lat' dir='ltr'>tali</span> <span class='ocrx_word' id='word_1_306' title='bbox 2570 4287 2835 4340; x_wconf 83' lang='lat' dir='ltr'>salutem.</span> <span class='ocrx_word' id='word_1_307' title='bbox 2908 4285 3111 4342; x_wconf 81' lang='lat' dir='ltr'>Sciatis</span> 
     </span>
     <span class='ocr_line' id='line_1_44' title="bbox 1037 4367 3113 4440; baseline 0 -18"><span class='ocrx_word' id='word_1_308' title='bbox 1037 4369 1192 4440; x_wconf 87' lang='lat' dir='ltr'>quod</span> <span class='ocrx_word' id='word_1_309' title='bbox 1225 4369 1382 4434; x_wconf 77' lang='lat' dir='ltr'>talis,</span> <span class='ocrx_word' id='word_1_310' title='bbox 1421 4367 1522 4438; x_wconf 85' lang='lat' dir='ltr'>qui</span> <span class='ocrx_word' id='word_1_311' title='bbox 1557 4373 1822 4422; x_wconf 88' lang='lat' dir='ltr'>mortuus</span> <span class='ocrx_word' id='word_1_312' title='bbox 1859 4373 1969 4432; x_wconf 84' lang='lat' dir='ltr'>est,</span> <span class='ocrx_word' id='word_1_313' title='bbox 2010 4367 2213 4422; x_wconf 86' lang='lat' dir='ltr'>debuit</span> <span class='ocrx_word' id='word_1_314' title='bbox 2246 4369 2413 4424; x_wconf 87' lang='lat' dir='ltr'>nobis</span> <span class='ocrx_word' id='word_1_315' title='bbox 2450 4371 2527 4422; x_wconf 83' lang='lat' dir='ltr'>xl.</span> <span class='ocrx_word' id='word_1_316' title='bbox 2562 4369 2743 4422; x_wconf 87' lang='lat' dir='ltr'>libras</span> <span class='ocrx_word' id='word_1_317' title='bbox 2778 4369 2853 4424; x_wconf 89' lang='lat' dir='ltr'>de</span> <span class='ocrx_word' id='word_1_318' title='bbox 2884 4369 3113 4440; x_wconf 87' lang='lat' dir='ltr'>hidagio</span> 
     </span>
     <span class='ocr_line' id='line_1_45' title="bbox 1037 4451 3115 4524; baseline 0.001 -18"><span class='ocrx_word' id='word_1_319' title='bbox 1037 4457 1098 4506; x_wconf 88' lang='lat' dir='ltr'>et</span> <span class='ocrx_word' id='word_1_320' title='bbox 1135 4451 1308 4508; x_wconf 83' lang='lat' dir='ltr'>sectis</span> <span class='ocrx_word' id='word_1_321' title='bbox 1359 4451 1684 4518; x_wconf 75' lang='lat' dir='ltr'>comitatae,</span> <span class='ocrx_word' id='word_1_322' title='bbox 1733 4469 1886 4524; x_wconf 35' lang='lat' dir='ltr'>‚quas</span> <span class='ocrx_word' id='word_1_323' title='bbox 1935 4451 2159 4524; x_wconf 86' lang='lat' dir='ltr'>recepit</span> <span class='ocrx_word' id='word_1_324' title='bbox 2190 4457 2455 4524; x_wconf 89' lang='lat' dir='ltr'>tempore</span> <span class='ocrx_word' id='word_1_325' title='bbox 2506 4469 2621 4524; x_wconf 89' lang='lat' dir='ltr'>quo</span> <span class='ocrx_word' id='word_1_326' title='bbox 2654 4453 2769 4506; x_wconf 87' lang='lat' dir='ltr'>fuit</span> <span class='ocrx_word' id='word_1_327' title='bbox 2802 4451 3115 4508; x_wconf 83' lang='lat' dir='ltr'>vicecomes</span> 
     </span>
    </p>
   </div>
   <div class='ocr_carea' id='block_1_8' title="bbox 1107 4741 2715 4830">
    <p class='ocr_par' dir='ltr' id='par_1_11' title="bbox 1107 4741 2715 4830">
     <span class='ocr_line' id='line_1_46' title="bbox 1107 4741 2715 4830; baseline -0.001 -36"><span class='ocrx_word' id='word_1_328' title='bbox 1107 4745 1122 4776; x_wconf 86' lang='lat'>¹</span> <span class='ocrx_word' id='word_1_329' title='bbox 1155 4741 1398 4812; x_wconf 76' lang='lat' dir='ltr'>dilectum]</span> <span class='ocrx_word' id='word_1_330' title='bbox 1435 4743 1640 4806; x_wconf 81' lang='lat' dir='ltr'>dietum,</span> <span class='ocrx_word' id='word_1_331' title='bbox 1665 4741 1846 4796; x_wconf 81' lang='lat' dir='ltr'>c.O.G.</span> <span class='ocrx_word' id='word_1_332' title='bbox 2072 4743 2087 4812; x_wconf 81' lang='grc' dir='ltr'>Ι</span> <span class='ocrx_word' id='word_1_333' title='bbox 2196 4743 2213 4776; x_wconf 88' lang='lat'>¹</span> <span class='ocrx_word' id='word_1_334' title='bbox 2248 4743 2343 4812; x_wconf 85' lang='lat' dir='ltr'>ad]</span> <span class='ocrx_word' id='word_1_335' title='bbox 2378 4759 2483 4810; x_wconf 86' lang='lat' dir='ltr'>per,</span> <span class='ocrx_word' id='word_1_336' title='bbox 2506 4741 2715 4830; x_wconf 45' lang='lat' dir='ltr'>eslf-02.</span> 
     </span>
    </p>
   </div>
  </div>
 </body>
</html>
