3875 5734
1587 795 1936 844 EPISTOLAE.
2676 785 2809 854 107

733 965 1096 1034 illicitorum
1139 967 1224 1032 ab
1269 987 1346 1032 eo
1391 967 1508 1056 qui
1553 967 1748 1034 debet
1793 973 1862 1034 et
1907 973 2125 1056 potest
2156 969 2489 1058 impedire,
2522 975 2813 1056 vergant

733 1075 800 1140 in
873 1071 1334 1140 detrimentum
1423 1075 1658 1140 salutis
1747 1079 2051 1158 aeternae3
2128 1075 2213 1140 ad
2304 1077 2495 1164 pedes
2568 1079 2813 1140 vestrae

737 1179 1136 1272 paternitatis
1177 1179 1500 1268 supplices
1543 1179 1894 1268 provoluti,
1931 1185 2185 1268 quanta
2228 1203 2567 1268 possumus
2616 1181 2813 1248 devo-

737 1287 906 1354 tione
977 1307 1276 1374 rogamus
1355 1289 1682 1374 quatenus
1755 1285 2097 1352 dominum
2172 1307 2391 1372 regem
2468 1287 2811 1352 efficaciter

737 1391 1042 1458 moneatis
1139 1395 1206 1458 et
1301 1389 1632 1458 inducatis
1707 1395 1786 1456 ut
1873 1391 2331 1480 praescriptum
2420 1393 2813 1458 mandatum.

739 1497 992 1588 praefato
1065 1495 1288 1563 abbati
1367 1497 1772 1562 destinatum
1845 1501 2109 1562 revocet
2176 1501 2245 1562 et
2304 1499 2653 1578 retractet3
2728 1521 2817 1562 ne

735 1605 866 1690 ipse
935 1603 1258 1668 coactione
1333 1601 1442 1668 vel
1513 1601 1965 1690 praeceptione,
2040 1621 2289 1688 nosque
2358 1623 2671 1668 consensu
2744 1605 2817 1668 et

737 1707 1250 1788 dissimulatione,
1297 1707 1670 1770 animarum
1715 1711 2087 1772 nostrarum
2132 1711 2453 1772 aeternum
2498 1705 2817 1772 faciamus

737 1813 1204 1878 detrimentum.
1297 1811 1670 1878 Exoramus
1733 1811 1932 1878 etiam
1988 1815 2277 1878 vestram
2344 1811 2817 1900 paternitatem

737 1923 1040 2004 quatenus
1101 1917 1292 1982 nobis
1355 1917 1724 2004 significare
1799 1917 2021 1984 velitis
2088 1923 2385 1984 vestrum
2452 1917 2815 1998 consilium,

737 2023 788 2088 si
833 2023 992 2088 forte
1041 2023 1346 2088 dominus
1407 2043 1544 2102 rex,
1595 2023 1770 2110 quod
1837 2023 2011 2088 absit
2032 2023 2071 2104 ¹,
2138 2025 2591 2112 supradictum
2634 2049 2819 2090 man-

737 2129 954 2194 datum
999 2151 1184 2194 suum
1247 2129 1334 2194 ad
1379 2133 1668 2196 vestram
1733 2129 2261 2196 exhortationem
2334 2151 2471 2196 non
2540 2135 2815 2212 revocet,

737 2237 800 2298 et
843 2231 1216 2322 saepedictus
1259 2234 1480 2316 abbari,
1525 2233 1712 2320 cujus
1777 2235 2015 2300 animae
2082 2255 2303 2300 curam
2366 2235 2697 2316 habemUS,
2744 2237 2819 2300 in

737 2337 962 2404 animae
1035 2361 1168 2404 suae
1243 2337 1662 2426 dispendium
1737 2343 1802 2406 et
1877 2339 2217 2428 religionis
2290 2343 2671 2406 scandalum
2748 2347 2819 2406 et

739 2443 1162 2508 ecclesiasticae
1207 2443 1536 2508 libertatis
1583 2443 2055 2510 detrimentum
2102 2445 2395 2534 praefatae
2430 2445 2817 2530 justitiariae

737 2553 1022 2616 exerceat
1081 2547 1376 2616 officium.
1469 2547 1544 2616 Si
1609 2549 1784 2616 enim
1847 2551 1916 2616 in
1980 2549 2103 2616 hoc
2164 2573 2319 2616 casu
2382 2549 2817 2638 nosmetipsos

737 2675 862 2718 non
889 2653 1370 2742 opposuerimus
1387 2651 1430 2732 2,
1475 2655 1560 2720 ab
1593 2655 1904 2720 exercitio
1950 2655 2145 2742 hujus
2192 2655 2403 2734 officii,
2454 2655 2817 2718 monitione

737 2761 1070 2850 praemissa,
1099 2759 1446 2848 praefatum
1493 2761 1804 2826 abbatem
1853 2759 2283 2826 ecclesiastica
2330 2781 2603 2826 censura
2644 2779 2821 2824 com·

735 2865 1052 2952 pescendO,
1099 2865 1526 2952 proculdubio
1571 2865 1934 2930 incidemus
2000 2865 2079 2928 in
2122 2865 2289 2930 illud
2358 2863 2817 2952 propheticum

737 2967 1120 3036 Ezechielist
1189 2967 1268 3036 N
1263 2991 1356 3036 on
1417 2969 1820 3038 ascendistis
1865 2991 1943 3036 em
1986 2969 2267 3036 adverso
2336 2991 2549 3056 ‘neque
2614 2989 2815 3054 01)Ρο-
2844 2991 3025 3042 Ezech.
3042 2991 3153 3044 xiii.

735 3075 960 3144 suisti&
1001 3097 1284 3144 ‘taurum
1319 3097 1454 3164 pro
1499 3075 1696 3144 domo
1739 3075 1790 3142 I
1785 3075 1965 3144 srael
2004 3081 2089 3142 ut
2130 3075 2399 3144 staretis
2444 3073 2529 3140 ἰζ-η
2570 3071 2817 3162 proelio
2844 3065 2889 3110 5·

735 3179 814 3248 in
857 3179 962 3248 die
1005 3179 1296 3248 Domini
1311 3207 1342 3262 ,·
1411 3183 1482 3246 et
1547 3181 1622 3246 in
1683 3181 1852 3246 illud
1897 3181 2307 3248 Canonicum
2340 3205 2353 3244 :
2404 3187 2441 3214 “
2466 3177 2667 3244 Error
2712 3177 2817 3242 cui
2844 3189 3069 3268 Decret-

737 3291 768 3320 “
809 3307 936 3352 non
979 3285 1460 3364 contradicitur,
1511 3285 1977 3374 approbatur.’'
2070 3285 2145 3352 Si
2212 3307 2367 3350 vero
2436 3305 2555 3348 nos
2620 3303 2819 3370 oppo-
2844 3255 3149 3374 ssrsstiffissct·

737 3391 1054 3470 suerimus,
1129 3391 1294 3480 regii
1369 3391 1538 3458 forte
1613 3389 1904 3456 ministri
1994 3397 2255 3456 nostras
2336 3387 2657 3456 invadent
2748 3391 2819 3452 et
2844 3397 2923 3444 83-

737 3497 1036 3584 diripient
1107 3497 1584 3584 possessiones3
1659 3499 1728 3562 et
1801 3519 1951 3562 cum
2040 3495 2421 3582 hujusmodi
2492 3491 2819 3582 oppositio

737 3603 906 3690 prius
947 3601 1020 3666 in
1061 3601 1160 3666 his
1205 3601 1508 3690 partibus
1551 3623 1690 3666 non
1721 3599 1808 3666 sit
1853 3603 2277 3688 attemptata,
2328 3599 2567 3666 erimus
2620 3595 2817 3684 hujus

737 3705 956 3770 mundi
999 3705 1402 3794 sapientibus
1455 3705 1542 3772 in
1595 3703 1904 3772 derisum
1958 3711 2019 3770 et
2088 3703 2441 3772 canticum
2494 3711 2631 3770 tota
2684 3699 2815 3768 dic.
2842 3717 3147 3768 Lam.iii.14.

741 3811 1058 3894 Utrinque
1109 3811 1318 3898 igitur
1379 3809 1686 3876 imminet
1749 3810 2155 3898 periculum3
2220 3809 2375 3876 hinc
2436 3805 2813 3894 temporale,

737 3915 908 3980 illinc
947 3919 1278 3980 aetemum.
1373 3915 1506 3980 Sed
1549 3937 1700 3980 cum
1719 3913 1746 3954 ³
1805 3915 1892 3978 ad
1956 3913 2219 3978 minimi
2262 3911 2499 3980 aeterni
2542 3911 2817 4000 periculi

739 4019 1288 4106 comparationem,
1367 4017 1670 4106 quamvis
1777 4041 2097 4106 magnum
2190 4017 2553 4104 periculum
2648 4021 2817 4082 tem-

741 4121 948 4212 porale
967 4121 992 4158 4
1065 4123 1316 4189 nullam
1393 4125 1664 4188 omnino
1739 4123 1983 4188 habeat
2058 4121 2603 4212 magnitudinem,
2678 4119 2817 4186 imo

739 4227 896 4292 nihil
969 4227 1232 4294 omnino
1289 4227 1398 4304 sit,
1469 4227 1676 4314 pudet
1727 4227 1870 4316 jam
1929 4227 2005 4290 in
2064 4225 2187 4292 hoc
2248 4249 2397 4292 casu
2474 4225 2817 4294 consilium

741 4455 1506 4462 ...Q-W...-
1509 4455 2815 4464 mm

803 4611 816 4642 ¹
851 4611 1000 4680 absit]
1035 4611 1168 4676 facit,
1191 4609 1376 4664 C.C.C.
1883 4611 1904 4642 ⁸
1933 4611 2069 4678 cum]
2106 4619 2289 4674 tamen,
2312 4611 2417 4664 Sid.

799 4695 820 4726 2
847 4695 1216 4764 opposuerimus]
1331 4693 1716 4760 apposuerimuS,

743 4779 908 4834 G.c.c.
1885 4773 1904 4804 ⁴
1937 4773 2045 4826 sid.
2066 4771 2249 4824 inserts
2268 4773 2347 4822 sit.
