3875 5734
1149 807 1232 872 86
1793 823 2085 874 ROBERTI
2132 819 2587 872 Gnossn'rsssrss

1145 1005 1216 1068 et
1283 1001 1660 1090 legitimam,
1727 1003 1900 1092 quod
1966 1003 2355 1070 naturaliter
2424 1001 2505 1068 de
2572 1023 2639 1068 se
2700 1007 2933 1068 natum
2994 1009 3091 1072 est
3150 1011 3211 1072 et

1145 1107 1430 1174 naturali
1525 1109 1788 1176 vinculo
1877 1109 2199 1176 naturalis
2288 1107 2627 1174 filiationis
2716 1111 3003 1194 tempore
3088 1131 3213 1176 suae

1145 1215 1528 1280 mutationis
1595 1215 1720 1282 sibi
1781 1217 2061 1284 inhaeret
2122 1215 2529 1294 naturaliter,
2606 1237 2739 1280 non
2798 1219 3027 1302 ⁴potest
3088 1239 3213 1280 non

1145 1321 1498 1386 immutare
1565 1321 1957 1388 naturaliter
2016 1321 2089 1386 in
2154 1343 2339 1386 suam
2406 1319 2919 1386 similitudinem.
3010 1319 3213 1406 Igitur

1147 1425 1356 1490 totius
1395 1425 1598 1492 etiam
1643 1431 1898 1492 naturae
1944 1425 2159 1490 hostes
2204 1429 2375 1506 sunt,
2410 1423 2523 1512 qui
2568 1423 2939 1512 hujusmodi
2980 1423 3213 1512 prolem

1145 1531 1550 1612 naturaliter,
1599 1535 1666 1596 et
1727 1553 1862 1596 non
1925 1531 2377 1618 dispensative,
2426 1527 2859 1616 legitimatam
2904 1533 2971 1596 et
3012 1529 3213 1616 legiti-

1145 1659 1338 1716 mam,
1385 1635 1676 1724 spuriam
1733 1635 2039 1722 judicant
2100 1641 2169 1702 et
2232 1635 2315 1702 ab
2376 1635 2795 1700 haereditaria
2838 1635 3213 1702 successione

1145 1741 1570 1830 abjudicant3
1613 1763 1734 1806 nec
1777 1745 1983 1806 restat
2026 1739 2205 1806 aliud
2268 1739 2511 1806 talibus
2554 1739 2901 1828 judicibus
2948 1739 3213 1806 maxime

1145 1849 1216 1914 in
1277 1845 1654 1934 hujusmodi
1707 1845 1959 1932 judicio
2026 1845 2469 1932 pertinacibus
2520 1859 2777 1912 naturae
2822 1845 3109 1914 hostibus
3150 1851 3213 1912 et

1145 1957 1460 2018 creaturae
1531 1951 1832 2030 inimiciS,
1909 1951 2037 2016 nisi
2126 1955 2219 2030 ut,
2300 1951 2469 2016 sicut
2544 1951 2847 2016 scribitur
2918 1951 2989 2016 in
3060 1949 3211 2016 libro

817 2069 932 2134 Sap.
949 2069 1052 2120 xvi.
1147 2055 1542 2144 Sapientiae:
1627 2053 1959 2122 C‘reatw‘a
2016 2055 2271 2142 factori
2344 2077 2465 2122 suo
2544 2053 2931 2136 deserviens,
2994 2077 3211 2122 excan-

817 2143 896 2188 24·
1145 2161 1362 2228 desecet
1433 2159 1520 2228 in
1603 2167 2027 2242 tormentum,
2106 2159 2425 2228 adversus
2514 2159 2697 2248 ipsos
2784 2159 3079 2250 taff-stoc,
3152 2163 3213 2226 et

819 2283 932 2346 Sap.
957 2283 1022 2334 vi.
1043 2287 1088 2336 7.
1145 2265 1496 2358 [potentes]
1531 2271 1840 2354 pote-nter
1883 2273 2055 2332 torm
2064 2271 2217 2334 enta
2256 2265 2645 2354 patiantur.

811 2391 882 2454 by
903 2391 1098 2442 natural
1233 2371 1478 2460 Arguit
1523 2393 1778 2460 quoque
1813 2371 2067 2458 judices
2108 2371 2307 2460 hujus
2342 2371 2581 2458 judicii
2622 2371 2811 2436 firma
2852 2373 3037 2454 ratic,
3078 2393 3211 2458 qua>

813 2473 1002 2520 reason,
1143 2474 1460 2564 praevalet
1487 2477 1670 2542 omni
1701 2475 1830 2562 legi
1859 2481 1928 2542 et
1960 2477 2455 2556 consuetudinig
2502 2475 2559 2540 si
2588 2477 2763 2542 enim
2794 2475 3009 2562 aliqua
3036 2499 3213 2542 causa

1143 2587 1360 2672 potest
1397 2583 1704 2648 inducere
1747 2581 2053 2648 effectum
2100 2581 2385 2670 aliquem
2446 2579 2517 2646 in
2584 2581 2655 2646 id
2724 2583 2895 2670 quod
2940 2581 3211 2646 nondum

1145 2693 1258 2768 est,
1293 2689 1406 2754 sed
1437 2687 1650 2754 adhuc
1679 2687 1977 2754 futurum
2006 2691 2107 2754 est
2142 2713 2159 2768 3
2212 2686 2423 2754 multo
2454 2687 2691 2754 fortius
2734 2687 2975 2774 poterit
3004 2687 3211 2754 eadem

1145 2815 1340 2858 causa
1367 2793 1676 2858 inducere
1699 2793 1977 2858 eundem
2008 2793 2309 2858 effectum
2352 2793 2427 2856 in
2470 2793 2543 2856 id
2586 2793 2761 2878 quod
2804 2793 3211 2878 praesentiali-

1141 2901 1244 2962 ter
1289 2901 1434 2978 est3
1481 2899 1596 2964 sed
1641 2897 2133 2962 matrimonium
2180 2919 2373 2964 causa
2418 2901 2517 2962 est
2562 2895 3061 2982 legitimationis,
3104 2919 3213 2962 nec

1139 3005 1358 3088 potest
1401 3023 1536 3066 esse
1583 3003 1949 3088 subjectum
1994 3003 2189 3088 hujus
2232 3001 2673 3090 legitimitatis
2724 3003 2895 3088 quod
2940 3001 3211 3066 nondum

1139 3111 1238 3170 est
1283 3105 1476 3170 homo
1519 3129 1640 3172 nec
1685 3105 2007 3192 particeps
2070 3107 2303 3192 speciei
2362 3105 2811 3172 humanitatis.
2902 3105 3209 3172 Ponamus

1137 3209 1348 3296 igitur
1385 3211 1562 3296 quod
1607 3209 1832 3296 aliqua
1875 3211 2201 3298 concipiat
2244 3211 2317 3276 in
2358 3211 2787 3276 fornicatione
2816 3209 2895 3276 ab
2926 3209 2943 3248 ¹
2992 3211 3211 3296 alique,

1139 3317 1208 3380 et
1281 3313 1390 3380 ille
1459 3313 1632 3378 idem
1705 3321 1852 3402 post
1927 3321 2309 3404 conceptum
2382 3315 2803 3382 fornicarium
2876 3319 3209 3402 antequam

1139 3419 1340 3486 foetus
1383 3423 1730 3508 conceptus
1793 3419 2111 3486 formetur
2172 3421 2243 3486 in
2288 3423 2477 3486 utero
2522 3421 2751 3486 matris
2798 3425 2865 3488 et
2908 3421 3209 3508 figuretur

1139 3523 1496 3588 secundum
1555 3523 1955 3590 lineamenta
2014 3525 2289 3590 humani
2352 3525 2655 3612 corporiS,
2708 3531 2775 3592 et
2840 3525 3209 3592 infundatur

1139 3629 1364 3694 anima
1405 3627 1764 3708 rationalis,
1813 3629 2159 3696 contrahat
2218 3629 2711 3696 matrimonium
2772 3651 2917 3696 cum
2960 3651 3035 3696 ea
3076 3653 3207 3718 quae

1137 3733 1436 3820 concepit
1481 3733 1562 3798 de
1623 3755 1716 3812 ee,
1763 3737 2229 3820 contractoque
2286 3735 2707 3800 matrimonio
2770 3733 2991 3798 statim
3034 3735 3213 3800 mori-

1137 3843 1330 3918 atur-3
1375 3837 1586 3924 igitur
1627 3837 1983 3902 secundum
2016 3837 2335 3924 judicium
2386 3839 2589 3904 etiam
2632 3841 2925 3904 vestrum
2966 3843 3211 3926 propter

1133 3945 1384 4010 bonum
1487 3943 1864 4030 hujusmodi
1970 3943 2371 4008 matrimonii
2478 3941 2917 4008 momentanei
3014 3943 3209 4030 proles

1137 4047 1450 4136 praedicto
1523 4049 1718 4114 modo
1795 4053 2105 4134 concepta
2182 4053 2273 4120 et,
2322 4053 2483 4112 nata
2556 4053 2781 4134 postea
2854 4047 2937 4112 de
3018 4053 3209 4114 matre

1139 4155 1352 4222 soluta
1415 4153 1540 4220 erit
1607 4153 1906 4242 legitima
1974 4159 2043 4218 et
2104 4153 2523 4220 haereditario
2582 4155 2731 4242 jure
2776 4153 3107 4220 succedens
3148 4155 3209 4218 in

1139 4259 1346 4348 patris
1389 4259 1886 4338 haereditatem3
1935 4259 2049 4324 sed.
2110 4281 2259 4324 cum
2324 4257 2815 4324 matrimonium
2858 4257 3209 4344 hujusmodi

1143 4363 1274 4430 fuit
1347 4383 1648 4450 praesens,
1725 4359 1924 4428 foetus
2016 4365 2361 4450 conceptus
2450 4361 2743 4428 nondum
2818 4359 2947 4428 fuit
3016 4361 3207 4440 h0m0,

1151 4589 1316 4596 --—„*-

2014 4749 2035 4814 ‚¹
2058 4747 2151 4816 ab]
2188 4749 2263 4812 de,
2286 4747 2387 4800 Ox.
