3875 5734
1609 793 1965 844 EPISTOLAE.
2706 773 2837 846 377

743 973 920 1036 0111111
979 991 1114 1036 11011
1175 967 1444 1034 videtur
1517 967 1760 1032 habere
1835 989 2059 1032 curam
2124 969 2493 1036 animarum
2558 967 2839 1034 ecclesiae

741 1073 1088 1162 dignitatis
1161 1071 1268 1136 vel
1343 1071 1758 1158 praebendae3
1827 1071 1983 1158 quia
2058 1071 2113 1136 si
2190 1071 2387 1138 habet
2460 1071 2837 1158 hujusmodi

743 1197 982 1256 curam,
1059 1179 1332 1240 tenetur
1403 1173 1500 1238 ibi
1585 1173 1670 1238 ad
1745 1173 2191 1254 residentiam,
2272 1181 2343 1242 et
2406 1175 2835 1240 nihilominus

741 1283 1002 1344 tenetur
1115 1275 1202 1342 ad
1309 1275 1736 1342 residentiam
1755 1275 1776 1314 1
1885 1275 1963 1340 in
2074 1275 2433 1342 cathedrali
2520 1277 2787 1344 ecclesia
2806 1277 2833 1314 ‘³

743 1405 890 1470 quae
977 1387 1136 1448 sunt
1223 1377 1790 1466 incompassibilia.
1925 1379 2103 1468 Ergo
2178 1381 2235 1446 si
2310 1383 2569 1446 constat
2660 1383 2837 1470 quod

743 1489 1010 1550 tenetur
1075 1485 1148 1548 in
1225 1483 1494 1548 ecclesia
1583 1483 1947 1548 cathedrali
2030 1483 2329 1560 residere,
2414 1485 2835 1550 manifestum

743 1593 844 1652 est
925 1609 1076 1652 eum
1151 1607 1376 1650 curam
1451 1587 1820 1650 animarum
1895 1583 2059 1650 alibi
2132 1585 2373 1652 habere
2448 1607 2583 1650 non
2656 1585 2839 1674 posse

743 1691 986 1776 absque
1031 1689 1518 1776 dispensatione
1565 1689 1732 1756 sedis
1801 1689 2189 1776 apostolicae.
2282 1689 2535 1754 Eadem
2584 1691 2841 1756 ratione

739 1815 950 1878 neque
995 1791 1276 1860 decanus
1325 1815 1538 1880 neque
1597 1793 1959 1880 capitulum
2018 1815 2241 1860 curam
2286 1793 2489 1860 habet
2556 1793 2839 1878 aliquam

741 1899 1112 1962 animarum
1177 1897 1626 1962 immediatam
1695 1903 1884 1962 extra
1958 1897 2293 1962 ecclesiam
2382 1897 2835 1976 cathedralem,

741 2001 854 2064 sed
919 2021 1132 2086 neque
1199 2001 1574 2066 mediatam.
1667 1999 1742 2064 Si
1809 1999 1985 2066 enim
2052 2001 2547 2066 archidiaconus
2588 2001 2837 2064 habens

739 2125 962 2168 curam
1025 2103 1392 2168 animarum
1469 2103 2031 2170 archidiaconatus
2104 2105 2481 2180 mediatam,
2578 2127 2653 2170 eo
2698 2103 2837 2190 ipso

739 2207 914 2292 quod
977 2205 1358 2292 hujusmodi
1433 2229 1652 2274 curam
1699 2207 1916 2286 habet,
1980 2207 2135 2272 licet
2198 2209 2287 2274 sit
2330 2229 2485 2274 cura
2528 2209 2835 2286 mediata,

739 2331 872 2376 non.
947 2313 1168 2396 potest
1255 2309 1498 2376 habere
1597 2309 1794 2374 aliam
1885 2333 2109 2376 curam
2196 2311 2565 2376 animarum
2642 2313 2839 2376 simul

739 2433 884 2478 cum
929 2411 1086 2494 illa3
1145 2435 1264 2478 nec
1331 2413 1614 2478 decanus
1675 2413 1904 2478 eadem
1960 2415 2217 2478 ratione
2260 2415 2505 2500 poterit
2550 2413 2841 2500 aliquam

737 2537 958 2580 curam
1031 2515 1402 2580 animarum
1465 2539 1664 2600 quam
1723 2515 1934 2602 ipsius
1990 2515 2263 2604 capituli
2306 2515 2565 2580 habere.
2706 2517 2839 2582 Sed

737 2619 876 2682 sive
953 2619 1234 2682 decanus
1297 2619 1538 2684 habeat
1607 2641 1830 2684 curam
1889 2619 2179 2704 aliquam
2226 2619 2301 2682 in
2346 2619 2695 2704 prebendis
2770 2625 2837 2684 et

737 2719 1176 2808 dignitatibus
1223 2725 1290 2784 et
1337 2743 1698 2800 communa,
1743 2721 1884 2784 sive
1929 2741 2085 2802 non,
2114 2721 2171 2806 ej
2182 2743 2255 2784 us
2286 2743 2425 2784 non
2466 2725 2569 2784 est
2612 2741 2839 2784 earum

737 2823 1052 2888 visitatio.
1179 2823 1516 2904 Quomodo
1581 2823 1754 2886 enim
1823 2823 1951 2888 erit
2010 2823 2303 2888 locorum
2364 2829 2433 2888 et
2494 2823 2835 2888 hominum

737 2927 932 3012 longe
1003 2925 1270 3010 lateque
1351 2923 1742 2990 distantium
1831 2925 2161 3006 visitator,
2238 2925 2355 3012 qui
2430 2925 2625 2990 debet
2700 2947 2835 2990 esse

741 3027 1010 3114 capituli
1057 3029 1410 3094 continuus
1455 3027 1648 3108 visor,
1695 3031 1762 3092 et
1809 3029 2139 3094 continuae
2184 3027 2559 3094 residentiae
2586 3027 2835 3092 ibidem

739 3131 992 3198 factor?
1111 3131 1438 3196 Praeterea
1535 3153 1652 3196 nec
1727 3129 1880 3216 jura
1950 3131 2173 3216 aliqua
2244 3153 2361 3198 seu
2438 3131 2835 3198 consuetudo

739 3235 902 3300 dant
947 3231 1444 3314 visitationem3
1511 3233 1752 3300 decano
1817 3235 2025 3322 igitur
2094 3235 2153 3300 si
2218 3235 2391 3300 facto
2436 3237 2689 3316 visitat,
2736 3237 2835 3300 est

739 3337 1098 3424 usurpatio,

827 3439 958 3504 Sed
1003 3445 1142 3506 esto
1187 3441 1362 3524 quod
1405 3441 1676 3506 visitare
1743 3439 1951 3526 possit
2016 3441 2333 3526 praedicta
2398 3443 2557 3518 loca,
2604 3447 2673 3504 et
2716 3441 2829 3504 ho-
2854 3435 2999 3552 Effi}
3018 3435 3069 3484 if
3078 3435 3145 3550 fle

737 3541 944 3608 mines
987 3549 1308 3630 tanquam
1351 3543 1552 3608 ovilia
1595 3549 1664 3610 et
1709 3565 1878 3622 oveS‚
1946 3545 2247 3630 nunquid
2290 3567 2407 3632 per
2450 3545 2571 3612 hoc
2616 3543 2831 3608 exclu-
2854 3517 3099 3620 igereiosse
3114 3519 3153 3568 y

737 3645 920 3710 ditur
965 3645 1300 3734 episcopus
1343 3645 1430 3712 ab
1477 3669 1700 3712 eorum
1743 3645 2147 3728 visitatione,
2204 3671 2349 3714 cum
2396 3649 2537 3734 ejus
2580 3647 2717 3712 sint
2762 3651 2831 3710 et
2850 3635 3003 3754 {32ss3

737 3751 964 3816 eadem
981 3747 1008 3786 ³
1077 3751 1278 3816 ovilia
1323 3757 1390 3816 et
1435 3753 1682 3816 eaedem
1743 3771 1898 3816 oves
1944 3753 2155 3840 magis
2196 3753 2523 3840 propriae?
2638 3751 2709 3814 N
2710 3771 2833 3814 un-
2856 3721 3101 3822 exeluiied
3120 3775 3147 3822 ⁴2>

739 3851 898 3938 quid
941 3853 1098 3938 quia
1143 3853 1376 3918 domus
1421 3853 1736 3940 religiosae
1765 3853 2073 3918 ordinum
2100 3855 2445 3918 beatorum
2492 3851 2835 3918 Benedicti

741 3959 810 4018 et
851 3953 1218 4040 Augustini
1259 3955 1510 4020 habent
1573 3975 1718 4020 suos
1781 3955 2157 4020 visitatores
2224 3957 2307 4020 de
2370 3953 2613 4020 eisdem
2662 3951 2833 4016 ordi-

741 4057 952 4136 nibus,
987 4059 1360 4122 excluditur
1405 4081 1446 4122 a
1487 4057 1870 4122 visitatione
1917 4077 2141 4122 earum
2172 4057 2555 4144 episcopus?
2642 4053 2835 4118 Nun-
2856 4063 3129 4128 Examples

743 4161 900 4246 quid
945 4161 1018 4238 in
1065 4161 1482 4228 Cisterciensi
1529 4161 1770 4236 ordine,
1805 4159 1965 4246 quia
2004 4165 2225 4248 patres
2256 4159 2525 4224 abbates
2554 4157 2835 4224 visitant
2856 4131 3131 4250 gistthgcian

741 4263 908 4328 filias
953 4263 1196 4344 domOS‚
1245 4263 1622 4332 excluditur
1663 4263 1750 4328 ab
1797 4263 2173 4330 earumdem
2214 4263 2599 4328 visitatione
2630 4261 2831 4328 abbas
2856 4269 3043 4330 abbats,

743 4365 1230 4434 Cisterciensis?
1317 4367 1462 4434 Aut
1527 4365 1682 4452 quia
1741 4367 2043 4432 custodes
2106 4365 2183 4432 in
2248 4365 2475 4432 ordine
2520 4365 2831 4430 Fratrum
2854 4353 2941 4402 the
2952 4351 3131 4400 minis-

743 4467 1074 4534 Minorum
1115 4469 1400 4536 visitant
1465 4471 1700 4536 fratres
1759 4469 2119 4536 existentes
2182 4471 2255 4534 in
2322 4469 2457 4534 suis
2500 4469 2829 4550 custodiiS,
2852 4425 3109 4536 ῒτὲἷεοῗῗῖἓ

807 4659 822 4686 ¹
855 4665 904 4706 et
933 4695 946 4708 .
983 4695 994 4708 .
1031 4695 1046 4706 .
1079 4659 1410 4722 residentiam]
1447 4673 1544 4710 om.
1565 4657 1704 4710 Trin.
1901 4659 1922 4688 ³
1956 4659 2143 4726 eadem]
2182 4675 2277 4712 0111.
2304 4659 2443 4710 Trin.
2854 4623 3065 4682 mnors’

807 4737 828 4764 ²
861 4735 1036 4788 C.C.C.
1059 4737 1242 4788 inserts
1265 4737 1484 4788 residere.
