3875 5734
1565 843 1922 896 EmsroLAE.
2712 841 2789 904 51

721 1021 1022 1110 scriptum
1117 1025 1214 1088 est
1245 1047 1258 1088 :
1357 1023 1494 1108 Qui
1583 1023 2085 1114 increpationes
2176 1025 2337 1110 odit,
2434 1037 2577 1098 erat
2606 1055 2633 1110 ;
2726 1033 2793 1098 ot

719 1129 984 1196 iterum:
1059 1127 1196 1212 Qui
1263 1131 1408 1200 odit
1473 1131 1995 1220 increpatione&
2060 1131 2409 1220 ‘insipiens
2476 1143 2565 1200 est
2582 1161 2611 1216 ;
2676 1137 2791 1224 qui

723 1241 938 1304 atatem
965 1235 1328 1326 acquiescit
1387 1235 1722 1324 affluenti,
1781 1237 2231 1326 ylowficcttur.
2352 1239 2509 1306 Non
2570 1245 2789 1306 autem

719 1365 1034 1410 excessum
1079 1347 1148 1410 et
1191 1343 1700 1412 immoderamen
1745 1343 2171 1430 correptionis
2202 1365 2363 1410 meae
2404 1347 2789 1428 excusando,

719 1449 824 1518 sed
853 1455 1132 1518 vestram
1163 1455 1230 1518 et
1267 1451 1544 1518 aliorum
1577 1449 1977 1540 sapientium
2010 1449 2469 1516 discretionem
2500 1449 2789 1536 judicem

717 1557 1066 1638 statuend0‚
1113 1557 1196 1624 ab
1241 1581 1318 1626 ea
1363 1555 1784 1624 diffinitivam
1839 1561 2189 1644 expectans
2254 1555 2667 1636 sententiam,
2718 1557 2787 1622 in

719 1663 884 1730 hunc
953 1665 1218 1730 modum
1281 1663 1508 1752 allegO.
1599 1661 1957 1730 Monachus
2022 1661 2289 1750 quidam
2364 1663 2791 1750 praesentavit

717 1769 872 1836 mihi
913 1773 996 1836 ad
1037 1793 1256 1838 curam
1307 1769 1668 1836 multarum
1735 1767 2109 1836 animarum
2174 1767 2519 1836 diaconum
2588 1791 2787 1856 quen-

719 1875 862 1942 dam
905 1897 1036 1942 non
1077 1879 1508 1956 tonsuratum,
1541 1879 1610 1942 et
1655 1879 1886 1942 contra
1919 1875 2195 1942 Concilii
2238 1879 2509 1958 statuta,
2556 1875 2789 1962 pannis

717 1981 922 2046 rubeis
963 1981 1278 2048 vestitum
1321 1985 1390 2046 et
1433 1981 1844 2064 annulatum,
1905 1981 2143 2048 habitu
2188 1986 2253 2047 et
2298 1987 2491 2070 gestu
2532 1979 2787 2064 laicum,

719 2085 818 2152 vel
857 2085 1070 2174 potius
1113 2085 1406 2166 militem,
1455 2091 1538 2166 et,
1571 2091 1652 2154 ut
1695 2085 1904 2154 conici
1948 2087 2171 2176 potuit
2218 2109 2301 2154 ex
2346 2089 2483 2156 suis
2526 2109 2791 2178 respon-

719 2193 1008 2272 sionibus
1073 2193 1204 2260 fere
1265 2189 1664 2258 illiteratum.
1761 2193 2159 2260 Monachum
2220 2199 2447 2262 autem
2516 2217 2793 2282 praesen-

717 2301 956 2364 tantem
1001 2295 1370 2386 hujusmodi
1411 2295 1544 2364 fere
1573 2297 1810 2382 verbis,
1859 2305 1936 2364 ut
1976 2299 2201 2380 recolO,
2238 2299 2565 2388 corripui:
2618 2305 2653 2334 “
2670 2299 2791 2382 Tu,

721 2409 756 2440 “
795 2427 938 2470 cum
1001 2403 1084 2468 sis
1127 2403 1474 2468 monachus
1519 2403 1834 2490 profitens
1883 2405 2347 2492 perfectionem
2412 2427 2497 2470 ex
2556 2403 2791 2470 habitu

721 2511 758 2544 “
797 2511 866 2574 et
907 2511 1058 2574 voto
1101 2507 1456 2596 religionis,
1501 2529 1574 2574 ac
1625 2529 1742 2596 per
1793 2507 1916 2574 hoc
1980 2507 2265 2574 tenearis
2326 2509 2539 2574 vitam
2604 2513 2791 2574 tuam

719 2621 752 2652 “
795 2613 1102 2682 carnalem
1147 2635 1466 2702 exponere
1511 2613 1712 2678 morti
1779 2635 1898 2700 pro
1962 2612 2171 2680 salute
2232 2613 2613 2694 animarum,
2662 2635 2791 2700 qua

719 2725 752 2754 ‘'‘
793 2717 1002 2786 fronte
1043 2725 1394 2808 praesentas
1439 2717 1524 2784 ad
1551 2741 1776 2786 curam
1811 2719 2181 2784 animarum
2214 2719 2415 2784 talem
2446 2719 2559 2806 qui
2604 2723 2793 2808 gestu

719 2831 754 2862 ‘⁶'
795 2829 858 2892 et
901 2823 1128 2892 habitu
1171 2825 1508 2892 evidenter
1553 2825 1842 2892 ostendit
1905 2847 1971 2890 se
2032 2823 2241 2912 magis
2306 2823 2793 2890 interfectorem

719 2937 752 2966 ‘⁵
795 2931 1146 2996 animarum
1221 2953 1418 3018 quam
1507 2935 1922 2996 curatorem?
1998 2931 2165 2996 sicut
2256 2931 2433 2994 enim
2512 2933 2793 2998 testatur

719 3041 752 3072 “
793 3037 1016 3102 beatus
1045 3035 1472 3122 AugustinUS,
1505 3035 1634 3102 Tot
1675 3035 2003 3102 mortibus
2046 3057 2197 3100 reus
2244 3039 2345 3102 est
2390 3039 2613 3124 pastor
2656 3035 2795 3100 ani-

719 3147 754 3176 “
793 3163 1052 3222 marum,
1099 3147 1262 3228 quot
1301 3141 1442 3228 ejus
1477 3141 1650 3208 malo
1697 3141 1997 3228 exemplo
2042 3141 2185 3204 viso
2232 3141 2445 3228 perire
2490 3145 2793 3228 possent:

719 3253 750 3282 “
793 3251 866 3312 tu
909 3249 1022 3312 das
1065 3267 1216 3312 oves
1261 3247 1430 3334 lupo,
1461 3269 1582 3332 pro
1629 3247 1868 3332 quibus
1913 3245 2177 3312 tuendis
2222 3267 2263 3310 a
2304 3245 2461 3332 lupo
2510 3245 2753 3312 teneris
2774 3249 2793 3288 ¹

717 3357 752 3386 “
793 3351 1070 3416 animam
1143 3355 1328 3414 tuam
1409 3373 1662 3438 ponere.
1815 3351 2143 3414 Dominus
2234 3355 2461 3414 noster
2478 3349 2505 3386 2
2602 3351 2651 3416 J
2652 3373 2795 3416 esus

715 3459 752 3488 “
797 3453 1086 3520 Christus
1129 3457 1416 3542 pretium
1475 3457 1694 3520 totum
1773 3453 2109 3540 sanguinis
2186 3455 2303 3534 sui,
2384 3455 2517 3520 imo
2580 3459 2793 3522 totam

713 3565 746 3594 “
789 3559 990 3624 vitam
1035 3545 1216 3624 suam
1279 3557 1478 3624 morti
1535 3557 1965 3626 acerbissimae
2010 3565 2079 3624 et
2124 3561 2633 3648 probrosissimse
2676 3581 2793 3648 pro

719 3667 752 3696 ‘⁶
797 3663 1076 3750 qualibet
1145 3669 1212 3730 et
1279 3663 1540 3750 singula
1583 3663 1806 3728 anima
1875 3664 2195 3730 salvanda
2262 3669 2331 3730 et
2394 3663 2793 3730 vivificanda

719 3771 752 3802 “
797 3766 968 3832 dedit
993 3791 1008 3848 3
1031 3765 1056 3804 ³
1099 3771 1168 3832 et
1211 3771 1290 3834 tu
1333 3771 1588 3832 tantam
1637 3767 2133 3834 multitudinem
2202 3767 2571 3834 animarum
2628 3769 2795 3834 nite-

719 3877 754 3906 “
795 3869 880 3936 ris
937 3873 1190 3936 tradere
1253 3871 1510 3938 cuidam
1559 3895 1676 3936 suo
1729 3895 1934 3960 pravo
1998 3873 2295 3960 exemplo
2340 3873 2665 3960 proditori
2728 3879 2793 3938 et

719 3981 750 4010 “
793 3975 1230 4040 mortificatori
1273 3975 1536 4040 illarum
1575 3977 1945 4042 animarum
1962 3975 2003 4056 4,
2038 3999 2155 4062 pro
2186 3977 2501 4062 quarum⁵
2538 3976 2797 4064 singula

719 4085 750 4114 “
797 4077 1082 4144 Christus
1127 4077 1310 4146 dedit
1361 4101 1494 4144 non
1537 4085 1794 4166 partem
1853 4081 2189 4166 sanguinis
2242 4081 2361 4160 sui,
2418 4081 2533 4146 sed
2576 4085 2795 4146 totum

719 4191 752 4218 “
795 4185 1164 4272 sanguinem
1211 4205 1446 4266 suum3
1515 4205 1648 4250 non
1699 4187 1959 4272 partem
2006 4185 2167 4250 vitae
2220 4207 2373 4266 suae,
2424 4187 2539 4252 sed
2582 4189 2799 4250 totam

721 4297 752 4322 “
797 4293 860 4354 et
905 4289 1224 4374 integram
1267 4291 1478 4356 vitam
1525 4311 1724 4356 suam.
1819 4287 2031 4356 Ovem
2078 4311 2277 4376 quam
2322 4291 2585 4356 emisses
2630 4315 2749 4380 pro
2772 4291 2799 4328 ⁶

721 4399 756 4428 “
799 4391 1130 4460 duodecim
1177 4395 1458 4462 denariis
1503 4415 1636 4462 non
1687 4393 1981 4462 traderes
2042 4393 2197 4482 lupo
2250 4401 2371 4460 aut
2418 4397 2795 4482 corruptori,

787 4659 798 4686 ¹
833 4657 940 4708 MS.
969 4659 1068 4708 Ox,
1089 4655 1266 4724 begins
1289 4657 1452 4722 again.
1869 4653 1886 4682 ⁴
1919 4653 2217 4718 animarum]
2248 4667 2343 4702 om.
2372 4653 2553 4702 stoc,

781 4741 800 4770 ‘²
829 4739 1006 4806 noster]
1045 4755 1138 4790 om.
1167 4737 1364 4800 OOC„
1391 4739 1486 4790 Ox,
1869 4733 1888 4760 ⁵
1919 4733 2151 4798 quarum]
2190 4747 2301 4796 qua,
2326 4731 2525 4788 C.C.O.,
2550 4731 2647 4776 Ox.

783 4825 800 4854 ²
829 4821 980 4890 dedit]
1021 4839 1116 4872 om.
1145 4821 1340 4884 C.C.O.‚
1367 4821 1464 4872 Ox,
1871 4815 1890 4842 ⁰
1915 4811 2037 4878 pro]
2076 4827 2173 4860 om.
2198 4809 2303 4862 sid.

2398 4887 2535 4950 ΒΞ

2820 1035 2971 1092 Prov,
2988 1057 3039 1092 x.
3050 1049 3071 1092 l
3082 1047 3123 1096 ³7.

2816 1145 2967 1200 Prov.
2984 1151 3123 1202 xii.1.

2814 1251 2969 1308 Prov.
2994 1257 3105 1312 xiii.

2824 1325 2895 1374 l&

2818 3051 2991 3118 Appa-

2818 3123 2987 3186 rently
3012 3119 3063 3170 S.

2820 3189 2975 3254 Aug„
3002 3189 3115 3240 Ser-

2820 3273 2905 3306 mo
2926 3263 3007 3306 46.

2818 3327 2901 3376 De
2914 3327 3135 3376 Pastori-

2818 3395 2925 3456 buS‚
2954 3393 2985 3460 ξ
3012 3399 3057 3444 9.

2820 3461 2945 3526 Opp.
2972 3479 3021 3512 v.

2816 3547 2867 3596 p.
2892 3535 3007 3580 228.
