3875 5734
815 1335 978 1384 1245?

745 2127 828 2180 On
849 2129 932 2180 the

743 2197 1014 2248 sacerdotal

1073 789 1204 856 348
1713 815 2007 866 Rossfflm
2054 813 2513 866 enossn'rnsrn

1982 1149 2283 1218 CXXIV.

1075 1331 1678 1424 Excellentissimo⁴
1735 1333 2037 1404 Domi-no
2122 1355 2243 1400 suo
2320 1331 2391 1396 H
2394 1329 2635 1408 enrico,
2728 1331 2859 1398 Dei
2944 1335 3169 1418 {fratta

1253 1437 1520 1506 illustri
1591 1439 1766 1526 Reyi
1827 1435 2119 1524 Astylioe,
2180 1435 2481 1504 Domino
2556 1435 2627 1500 H
2628 1433 2927 1514 iberniae,
2988 1437 3171 1506 Daci

1253 1543 1730 1620 Normanmoe,
1791 1539 2217 1628 Aquitaniae,
2280 1547 2339 1606 et
2406 1539 2661 1606 comiti
2736 1539 3165 1626 Απᾶθῃαυίοε,

1257 1647 1526 1714 devotus
1583 1667 1748 1712 suus
1793 1645 2135 1722 lichen-tue,
2200 1641 2631 1710 miseratione
2694 1643 2943 1710 divina
3000 1643 3169 1710 Lin-

1259 1749 1618 1818 colwievzsis
1721 1749 1999 1816 ecclesiae
2104 1747 2423 1816 ‘minister
2506 1747 2813 1828 humilia
2888 1747 3171 1814 salutem

1257 1859 1318 1920 ct
1403 1875 1612 1940 quam
1687 1851 1981 1918 debitam
2054 1859 2199 1918 tam
2274 1851 2579 1920 devotam
2660 1875 2819 1920 cum
2906 1851 3171 1920 sincera

1259 1955 1614 2024 dilectione
1661 1957 2121 2024 reverentiam.

1175 2127 1284 2194 Ex
1355 2127 1822 2214 dominationis
1891 2133 2131 2196 vestrae
2210 2129 2645 2218 praeceptione
2734 2127 2923 2194 vobis
3010 2127 3173 2194 hanc

743 2265 844 2316 and
863 2265 1042 2332 kingly
1085 2233 1426 2300 scribimus
1511 2233 1876 2322 pagellam3
1986 2235 2261 2322 ideoque
2348 2239 2637 2298 Vestram
2728 2231 3173 2298 excellentiam

743 2347 946 2398 powers.

1085 2337 1322 2404 devote
1393 2359 1714 2424 rogamUS‚
1803 2337 2115 2424 quatinus
2206 2337 2479 2402 eandem
2568 2337 2749 2424 regia
2836 2337 3177 2404 clementia

1085 2439 1364 2530 benigne
1381 2441 1708 2530 suscipiat,
1731 2439 1975 2520 audiat,
2008 2447 2079 2506 et
2094 2439 2423 2526 intelligat
2446 2467 2463 2522 ;
2490 2445 2611 2508 nec
2628 2441 2839 2508 solum
2860 2445 3173 2528 tanquam

1081 2565 1122 2610 a
1187 2569 1306 2610 sua
1367 2545 1814 2634 praeceptione,
1881 2545 1995 2610 sed
2056 2549 2123 2610 et
2188 2545 2385 2610 simul
2446 2567 2487 2610 a
2546 2543 2885 2610 scribentis
2944 2545 3175 2610 humili

1081 2649 1448 2730 devotione,
1495 2655 1566 2716 et
1609 2649 1868 2736 qualem
1911 2649 2133 2728 habet,
2182 2649 2459 2716 caritate
2504 2653 2935 2718 emanantem.

1171 2753 1356 2820 Sicut
1429 2753 1636 2832 litera,
1705 2775 1900 2840 quam
1968 2751 2157 2820 nobis
2230 2753 2491 2842 scripsit
2566 2759 2787 2820 vestra
2862 2755 3173 2820 serenitas

1081 2857 1262 2946 regia
1329 2857 1638 2938 insinuat,
1703 2859 1832 2924 duo
1897 2857 2205 2922 novimus
2268 2879 2405 2922 esse
2466 2857 2539 2924 in
2596 2857 2883 2924 humano
2940 2881 3173 2946 genere

1083 2961 1418 3048 regiminis
1475 2961 1820 3048 principia,
1871 2961 2307 3028 sacerdotium
2364 2961 2677 3030 videlicet
2736 2967 2805 3030 et
2860 2985 3171 3050 regnum:

1085 3087 1364 3150 quorum
1427 3067 1550 3132 hoc
1613 3065 1880 3152 quidem
1950 3065 2167 3132 omnia
2228 3065 2331 3132 sui
2396 3067 2733 3154 regiminis
2796 3067 3027 3154 dirigit
3090 3067 3175 3132 ad

1085 3177 1394 3234 aeternam
1435 3193 1682 3258 pacem,
1711 3171 1874 3234 illud
1919 3193 2077 3234 vero
2122 3171 2209 3236 ad
2250 3171 2715 3258 temporalem3
2756 3173 2837 3236 ut
2878 3193 2991 3258 per
3036 3195 3173 3238 eam

1085 3295 1232 3360 quae
1301 3275 1608 3360 temporis
1629 3273 1648 3312 ¹
1697 3279 1812 3354 est,
1859 3273 2107 3340 facilior
2170 3273 2257 3340 sit
2302 3273 2623 3340 transitus
2686 3273 2771 3338 ad
2830 3297 2971 3340 eam
3030 3298 3173 3363 quae

1085 3377 1478 3444 aeternitatis
1521 3383 1632 3444 est.
1711 3377 1834 3442 Est
1859 3377 2085 3464 igitur,
2114 3381 2193 3444 ut
2236 3377 2309 3442 in
2354 3379 2581 3444 eadem
2624 3379 2817 3444 litera
2860 3379 3169 3468 tangitur,

1085 3485 1436 3566 utrumque
1521 3479 1858 3568 utriusque
1937 3481 2361 3568 juvativum:
2458 3505 2541 3546 ex
2630 3505 2755 3570 quo
2844 3483 3177 3550 evidenter

1085 3585 1382 3672 sequitur
1443 3583 1618 3672 quod
1677 3589 1987 3650 neutrum
2048 3585 2345 3652 neutrius
2406 3589 2505 3652 est
2550 3585 3051 3674 impeditivum;
3100 3609 3175 3654 ac

1085 3711 1202 3778 per
1257 3689 1394 3770 hoc,
1457 3687 1630 3776 quod
1689 3693 2039 3776 utrumque
2100 3687 2309 3756 officia
2364 3711 2441 3756 ac
2496 3689 2863 3756 ministeria
2912 3689 3175 3758 alterius

1081 3799 1426 3882 promovet
1469 3799 1538 3858 et
1579 3795 1762 3860 nullo
1823 3795 2013 3860 modo
2058 3795 2355 3882 impedit,
2400 3795 2753 3874 imminuit,
2802 3799 2919 3860 aut
2974 3801 3175 3862 retar-

1085 3899 1240 3964 dat:
1289 3921 1424 3964 non
1469 3899 1646 3964 enim
1689 3897 1967 3988 impedit
2008 3905 2295 3984 potestas
2340 3897 2751 3964 sacerdotalis
2798 3897 2955 3984 quin
2998 3899 3173 3986 regia

1085 4007 1372 4090 potestas
1437 4001 1906 4092 rempublicam
1982 4003 2181 4068 armis
2244 4007 2507 4068 strenue
2574 4005 2855 4080 tueatur,
2926 4005 3171 4092 legibus

1075 4107 1278 4194 justis
1339 4105 1726 4188 moderetur,
1775 4111 1844 4172 et
1905 4105 2231 4192 praeclaris
2306 4105 2585 4171 adornet
2652 4107 2979 4170 moribus:
3058 4129 3173 4172 nec

1085 4229 1430 4276 econverso
1503 4211 1738 4298 regalis
1813 4209 2283 4276 sacerdotalem
2342 4209 2681 4296 praepedit,
2760 4231 2887 4296 quo
2960 4209 3171 4274 minus

1085 4315 1228 4402 ipsa
1301 4313 1520 4402 gregis
1607 4317 1922 4380 aeternam
2010 4317 2311 4400 operetur
2398 4313 2795 4380 incessanter
2880 4313 3169 4390 salutem,

1085 4439 1322 4506 panem
1363 4417 1550 4484 verbi
1581 4415 1708 4483 Dei
1751 4415 1963 4482 eidem
2004 4415 2457 4496 ministrandO,
2498 4421 2867 4482 sanctorum
2912 4439 3173 4504 operum

1747 4767 1760 4794 ¹
1801 4769 2049 4836 temporis]
2086 4775 2295 4834 tempus,
2322 4765 2495 4818 C.C.C.
