3875 5734
1121 811 1202 876 64
1767 825 2057 876 Romaim
2104 825 2559 878 Gnossnms'rr,

1115 1009 1370 1098 ipsique
1431 1029 1632 1098 puero
1695 1013 1762 1076 et
1829 1007 2195 1076 fautoribus
2262 1009 2393 1074 suis
2460 1007 2531 1074 in
2600 1009 2721 1078 hac
2784 1015 2971 1098 parte
3022 1035 3191 1080 occa-

1119 1113 1366 1182 sionem
1453 1113 2055 1182 condemnationis¹
2136 1119 2521 1204 praestantes
2598 1137 2745 1182 cum
2834 1117 3189 1184 animarum

1119 1243 1288 1288 curse
1367 1243 1498 1290 suae
1573 1221 2191 1290 committendarum
2266 1219 2453 1310 gravi
2528 1219 2947 1304 discrimine3
3026 1225 3191 1312 quod

1117 1329 1248 1394 nisi
1291 1329 1598 1416 angustia
1661 1327 1975 1416 temporis
2042 1329 2129 1394 ad
2182 1325 2595 1394 scribendum
2648 1325 3011 1414 impediret,
3066 1329 3193 1394 evi-

1121 1433 1428 1500 dentibus
1457 1433 1959 1500 auctoritatibus
2004 1433 2341 1500 ostendere
2384 1455 2519 1498 non
2562 1455 2995 1520 gravaremur.
3056 1433 3193 1500 Hoc

1119 1539 1326 1626 igitur
1387 1545 1624 1606 vestrae
1699 1537 2031 1606 dilectioni
2102 1543 2169 1602 et
2234 1539 2409 1604 dicto
2472 1557 2673 1626 puero
2720 1541 2787 1602 et
2846 1535 3189 1618 animabUS‚

1119 1643 1356 1732 quibus
1421 1643 1680 1710 velletis
1747 1665 1896 1708 eum
1964 1641 2223 1730 praefici,
2274 1665 2405 1708 non
2472 1641 2883 1708 admittendo
2928 1641 3189 1708 eundem

1119 1749 1204 1814 ad
1251 1773 1470 1814 curam
1515 1749 1924 1836 pastoralem,
1956 1753 2357 1836 praestamus
2390 1749 2567 1836 quod
2610 1747 2895 1812 medicus
2934 1751 3193 1834 praestat

1121 1853 1534 1932 febricitanti,
1587 1853 1742 1918 dum
1803 1851 2089 1918 ferventi
2148 1851 2367 1918 febrili
2436 1851 2645 1918 calore
2692 1851 2969 1938 denegat
3010 1851 3197 1916 haus--

1121 1965 1268 2024 tum
1313 1979 1498 2044 aquae
1543 1957 1794 2046 frigidae
1823 1983 1842 2038 3
1887 1962 1957 2023 et
1986 1957 2161 2046 quod
2190 1961 2531 2046 praestaret
2562 1953 2797 2042 aliquis
2826 1953 3189 2044 paralytioe,

1123 2063 1280 2128 dum
1355 2061 1708 2148 denegaret
1781 2061 1844 2128 ei
1917 2061 2433 2150 gubernaculum
2518 2061 2715 2126 navis
2784 2059 2859 2126 in
2930 2061 3191 2148 procella

1121 2169 1544 2254 tempestuosi
1589 2167 1786 2232 maris
1835 2171 1902 2232 et
1950 2169 2127 2254 quod
2172 2165 2519 2234 sublevans
2558 2187 2601 2232 a
2638 2165 2825 2256 lapsu
2864 2169 3191 2254 praestaret

1121 2271 1404 2360 seipsum
1449 2271 1856 2358 praecipitare
1903 2269 2173 2338 volenti.

789 2607 874 2658 Pe,
895 2603 1028 2656 cviii.
1049 2607 1094 2656 5.

1213 2375 1464 2442 Caveat
1537 2375 1744 2462 igitur
1815 2379 2035 2442 vestra
2112 2375 2351 2442 dilecta
2418 2373 2741 2456 diseretio,
2818 2397 2901 2442 ne
2972 2373 3189 2440 reddat

1121 2481 1286 2544 mihi
1327 2481 1600 2548 malum
1649 2503 1782 2568 pro
1831 2479 1997 2546 bo‘no
2058 2487 2119 2548 et
2160 2479 2407 2546 odium
2460 2501 2595 2568 pro
2640 2479 2991 2548 dilectione
3030 2501 3187 2560 mea,

1121 2585 1276 2674 quia
1339 2585 1530 2652 testis
1593 2591 1694 2652 est
1741 2585 2031 2674 Spiritus
2100 2583 2225 2652 Dei
2298 2583 2561 2674 spiritui
2634 2583 2763 2648 mei
2836 2583 3187 2672 peccatoris,

1121 2691 1296 2776 quod
1343 2711 1424 2756 ex
1469 2691 1718 2758 sincera
1781 2691 2059 2758 caritate
2122 2691 2353 2756 salutis
2406 2695 2639 2756 vestrae
2688 2695 2755 2754 et
2818 2689 2977 2754 dicti
3016 2691 3189 2776 pueri

1125 2799 1190 2858 et
1237 2793 1602 2860 animarum
1649 2817 1838 2876 curae,
1889 2795 2021 2860 mei
2088 2795 2343 2880 indigni
2412 2793 2913 2874 commissarum,
2958 2793 3189 2858 dictum

1125 2919 1400 2986 puerum
1463 2899 1548 2964 ad
1613 2919 1834 2964 curam
1893 2899 2283 2986 pastoralem
2352 2897 2421 2964 in
2480 2897 2619 2982 ejus
2682 2901 2751 2964 et
2812 2897 3011 2964 nostri
3070 2899 3189 2964 dis-

1127 3005 1370 3070 crimen
1433 3027 1566 3068 non
1625 3003 1920 3068 admitto,
2044 3003 2347 3070 Scribitis
2406 3025 2663 3090 quoque
2716 3003 2787 3068 in
2834 3001 2997 3072 calce
3054 3004 3193 3070 lite·-

1123 3129 1344 3174 rarum
1433 3113 1814 3186 vestrarum,
1879 3105 2055 3192 quod
2146 3109 2231 3172 ad
2320 3107 2777 3196 appellationis
2852 3109 3191 3174 remedium

1125 3211 1466 3276 recurretis
1481 3211 1526 3290 2,
1581 3211 1710 3276 nisi
1775 3231 1938 3276 meze
1990 3211 2275 3278 novitati
2322 3217 2539 3278 vestra
2584 3213 2797 3300 gratia
2850 3213 3189 3300 parceretis.

1127 3315 1234 3380 Ad
1279 3315 1454 3402 quod
1499 3315 1872 3402 responde0‚
1919 3315 2099 3402 quod
2156 3321 2327 3384 teste
2386 3315 2671 3384 Domino
2716 3319 2997 3384 multum
3040 3317 3189 3384 mihi

1125 3419 1408 3506 placeret
1457 3425 1678 3486 vestra
1733 3419 2085 3506 appellatio
2144 3425 2213 3486 et
2270 3443 2387 3508 per
2444 3421 2945 3508 appellationem
3010 3423 3191 3488 eccle-

1125 3523 1256 3604 siae,
1323 3523 1410 3588 ad
1471 3545 1666 3610 quarn
1737 3521 1953 3588 dictus
2016 3545 2179 3610 puer
2240 3529 2673 3612 praesentatus
2736 3531 2853 3606 est,
2902 3527 3191 3614 adepti03

1125 3627 1252 3692 nisi
1275 3625 1298 3664 3
1345 3627 1580 3692 merito
1631 3631 1856 3692 tamen
1899 3627 2121 3692 timeri
2162 3637 2381 3716 posset
2432 3629 2507 3694 in
2560 3629 2683 3696 hoc
2734 3629 2967 3698 animae
3024 3631 3191 3698 illius

1125 3737 1190 3798 et
1265 3737 1502 3798 vestrae
1575 3731 1874 3820 perditio.
2020 3733 2109 3798 Et
2196 3757 2279 3798 ne
2366 3733 2587 3800 credat
2652 3739 2871 3800 vestra
2946 3735 3191 3802 dilectio

1121 3859 1226 3902 me
1293 3835 1630 3924 ingratum
1697 3857 1834 3900 esse
1907 3841 2143 3902 vestrae
2212 3837 2547 3902 dilectioni
2616 3841 2685 3902 et
2746 3859 2943 3924 quam
3004 3837 3189 3926 pluri-

1121 3941 1246 4006 mis
1307 3945 1376 4008 et
1435 3939 1688 4028 magnis
1755 3939 2085 4006 beneficiis
2152 3963 2193 4006 a
2260 3947 2483 4008 vestra
2540 3939 2937 4008 liberalitate
3002 3945 3193 4008 vestri

1121 4045 1336 4134 gratia
1409 4047 1700 4134 receptiS,
1779 4049 2045 4132 paratus
2122 4067 2265 4110 sum
2342 4049 2409 4110 et
2476 4045 2869 4132 jampridem
2940 4053 3195 4132 paratus

1121 4149 1236 4230 fui,
1301 4149 1580 4214 testibus
1643 4147 1844 4212 fratre
1911 4149 2167 4234 Rogero
2250 4147 2481 4212 Bacun
2532 4151 2603 4212 et
2652 4147 2857 4236 fratre
2900 4149 3143 4214 Adamo
3170 4149 3193 4186 ⁴

1125 4257 1190 4320 et
1237 4251 1550 4342 magistro
1603 4251 1892 4320 Roberto
1950 4251 2029 4320 de
2094 4251 2389 4320 Mal-iscis
2454 4253 2521 4318 et
2590 4251 2899 4340 magistro
2958 4251 3193 4320 Thoma

1191 4613 1206 4642 ¹
1241 4611 1662 4678 condemnationis]
1767 4609 2115 4674 damnationiS‚
2284 4611 2305 4640 ⁸
2338 4607 2459 4674 nisi]
2496 4609 2599 4668 ubi,
2622 4609 2743 4670 sid„
2766 4607 2867 4660 Ox.

1121 4695 1224 4748 sid.
2282 4689 2305 4722 ⁴
2338 4689 2553 4754 Adamo]
2608 4689 2749 4750 Ant„
2796 4689 2925 4746 Sid.;
2994 4689 3057 4740 A.
3116 4689 3195 4740 the

1187 4777 1206 4806 ‘²
1237 4773 1520 4842 recurretis]
1559 4773 1892 4836 recurreretiS,
1917 4773 2019 4826 Sici.
2220 4769 2363 4820 other
2378 4767 2529 4820 MSS.
