3875 5734
1649 809 2005 860 EPISTOLAE.
2730 791 2861 854 413

765 979 998 1060 altare,
1085 977 1450 1044 sacerdotes
1535 999 1790 1064 quoque
1863 985 1922 1044 et
2012 975 2417 1042 universum
2496 975 2857 1062 populum.

765 1083 914 1148 Nisi
959 1079 1136 1146 enim
1181 1081 1426 1162 visitet,
1473 1085 1540 1146 et
1583 1081 1656 1148 in
1699 1083 1890 1168 virga
1931 1085 2005 1146 et
2046 1081 2259 1168 rigore
2302 1079 2659 1170 disciplinae
2724 1101 2859 1144 cas-

765 1187 932 1272 tiget
977 1191 1046 1250 et
1091 1185 1376 1272 corrigat
1417 1189 1558 1248 tam
1605 1185 1900 1250 subditos
1972 1205 2169 1272 quam
2232 1185 2627 1270 praepositos,
2696 1205 2857 1270 quos

749 1273 1024 1354 ⁴invenit
1067 1311 1184 1376 per
1235 1287 1370 1352 alia
1427 1287 1622 1354 officii
1679 1287 2061 1374 episcopalis
2120 1285 2487 1352 ministeria
2540 1309 2679 1352 non
2724 1309 2863 1352 cor·-

765 1397 988 1470 rectOS‚
1057 1391 1382 1478 quomodo
1441 1391 1742 1476 expiabit
1783 1389 2285 1470 sanctum-ium,
2334 1389 2859 1470 tabernaculum,

767 1501 958 1582 atquc
1005 1493 1240 1574 altare,
1273 1493 1636 1560 sacerdotes
1683 1515 1941 1580 quoque
1984 1501 2043 1560 et
2094 1491 2499 1560 universum·
2518 1495 2861 1580 populum

765 1599 848 1662 ab
881 1599 1182 1662 omnibus
1227 1599 1508 1686 peccatis
1551 1599 1730 1662 suis?
1829 1597 2157 1662 Dominus
2204 1619 2321 1684 per
2366 1597 2645 1682 Moysen
2688 1599 2863 1662 locu-

765 1707 874 1768 tus
917 1707 1018 1768 est
1063 1701 1150 1766 ad
1193 1703 1438 1780 Aaron,
1485 1707 1566 1768 ut
1611 1701 1804 1770 homo
1849 1701 1930 1768 de
1978 1701 2233 1768 semine,
2296 1699 2547 1768 Aaron
2608 1701 2859 1768 habens
2882 1711 3047 1768 Levit.
3070 1713 3177 1766 xxi.

763 1805 1108 1872 maculam
1151 1827 1298 1872 ‘non
1343 1805 1572 1892 offerat
1613 1827 1824 1894 panes
1867 1827 1989 1872 uec
2016 1805 2307 1872 hostiam
2348 1805 2499 1872 Deo.
2592 1803 2679 1872 In
2732 1827 2859 1892 quo
2888 1787 2965 1836 ¹⁷·

765 1909 1104 1974 evidenter
1161 1909 1484 1988 innuitur,
1547 1911 1726 1996 quod
1785 1911 2109 1974 Dominus
2154 1933 2271 1996 per
2314 1911 2523 1998 legem
2568 1911 2863 1996 loquitur

765 2013 1084 2098 episcopO,
1115 2007 1132 2046 ¹
1213 2017 1292 2076 ut
1337 2013 1502 2100 ipse,
1541 2035 1664 2078 sua
1725 2013 2073 2100 provideat
2116 2013 2533 2080 solicitudine
2600 2019 2671 2080 et
2716 2013 2863 2078 dili-

761 2117 1000 2202 gentia,
1049 2139 1134 2182 ne
1195 2115 1344 2204 quis
1391 2115 1472 2182 de
1533 2117 1898 2182 animarum
1962 2117 2339 2196 rectoribus,
2388 2119 2501 2204 qui
2548 2117 2735 2204 quasi
2780 2117 2863 2182 de

765 2217 906 2304 ejus
969 2221 1214 2286 semine
1279 2225 1436 2286 sunt
1479 2221 1710 2308 geniti,
1755 2219 1916 2286 dum
1962 2221 2047 2286 ab
2092 2221 2235 2310 ipso
2276 2221 2605 2308 recipiunt
2648 2225 2865 2310 potes-

761 2327 970 2386 tatem
1031 2321 1386 2408 regiminis,
1457 2325 1778 2388 maculam
1845 2323 2089 2388 habeat
2130 2323 2417 2408 aliquam
2480 2323 2865 2408 spiritaliter

763 2423 842 2490 de
887 2425 990 2490 his
1033 2445 1180 2510 quae
1225 2447 1342 2514 per
1383 2427 1664 2514 figuram
1693 2425 2127 2508 corporalium
2156 2425 2559 2490 macularum
2612 2425 2861 2490 ibidem

763 2533 1250 2610 enumerantur,
1295 2549 1380 2592 ne
1425 2529 1594 2594 forte
1655 2529 2003 2616 contingat
2048 2553 2091 2592 a
2130 2529 2377 2594 talibus
2422 2533 2649 2596 contra
2696 2529 2863 2594 divi-

765 2655 926 2698 num
987 2631 1380 2698 mandatum
1433 2655 1670 2720 panem
1743 2633 1969 2698 offerri
2040 2637 2157 2698 aut
2232 2633 2531 2698 hostiam.
2670 2631 2857 2712 Quia,
2888 2643 2941 2694 S.
2966 2641 3185 2718 Gregoq

761 2737 934 2802 sicut
977 2735 1078 2802 ait
1121 2735 1356 2800 beatus
1389 2735 1758 2824 Gregorius,
1807 2757 2141 2822 exponens
2194 2737 2381 2800 illum
2424 2737 2659 2818 locum,
2708 2743 2745 2772 “
2764 2737 2862 2802 di-
2886 2711 3201 2840 ἒξῗῇῗῗξὲζ

767 2847 804 2874 “
851 2839 1030 2904 luere
1093 2837 1310 2904 aliena
1373 2837 1612 2904 delicta
1655 2859 1790 2904 non
1833 2837 2017 2904 valet
2060 2839 2135 2920 is,
2184 2861 2373 2924 quem
2442 2839 2655 2904 adhuc
2716 2859 2859 2924 pro·
2892 2849 2967 2894 14·

767 2951 802 2978 “
845 2943 990 3030 pria
1035 2941 1442 3008 devastant.'’

853 3047 1070 3112 Duces
1157 3045 1562 3112 exercituum
1651 3051 1720 3112 et
1807 3053 2169 3114 castrorum
2244 3045 2515 3110 Domini
2604 3047 2727 3112 sub
2802 3067 2865 3110 se
2892 3063 3137 3128 Example

765 3149 1252 3216 constituerunt
1295 3147 1684 3214 fortissimos
1727 3149 2077 3214 bellatores
2120 3149 2443 3236 principes
2498 3155 2867 3216 turmarum
2894 3129 3135 3246 ggfffi'gd

763 3257 834 3318 et
937 3253 1242 3334 acierum,
1349 3273 1624 3338 quorum
1721 3253 1993 3338 quidam
2080 3251 2505 3338 paucioribus,
2598 3253 2869 3340 quidam
2892 3263 3137 3328 generals.

763 3355 1078 3444 pluribus,
1155 3361 1532 3442 praeerant3
1589 3355 1760 3420 sicut
1833 3357 2113 3444 legimus
2184 3357 2255 3420 in.
2326 3357 2867 3444 Paralipomenon
2896 3385 2919 3428 1
2948 3377 3133 3428 Chron.

765 3457 988 3522 David
1081 3457 1322 3522 fecisse.
1457 3457 1782 3546 Nunquid
1891 3459 2041 3526 ideo
2150 3459 2289 3546 ipse
2402 3459 2625 3524 David
2730 3481 2867 3522 non
2892 3445 3071 3498 xxviii.
3100 3453 3141 3496 ¹·

763 3561 986 3648 potuit
1029 3561 1294 3648 propria
1337 3583 1538 3624 manu
1597 3561 2007 3648 propriisque
2068 3561 2323 3628 viribus
2388 3567 2507 3626 aut
2580 3561 2867 3648 aliquem

767 3663 848 3728 de
891 3669 1116 3728 turma
1177 3687 1220 3730 a
1285 3685 1490 3730 manu
1553 3663 1782 3730 hostili
1847 3665 2111 3752 eripere,
2160 3669 2281 3730 aut
2324 3687 2719 3752 quemquam
2788 3663 2867 3730 de

765 3765 1064 3832 hostibus
1137 3765 1472 3854 impetere,
1541 3767 1868 3854 repellere,
1931 3773 2053 3834 aut
2126 3769 2457 3834 occidere?
2544 3767 2613 3832 N
2616 3767 2871 3854 unquid

767 3891 902 3934 non
967 3869 1194 3954 potuit
1257 3869 1430 3936 circa
1487 3871 1664 3958 ipsos
1727 3875 2101 3936 turmarum
2164 3871 2483 3958 principes
2538 3875 2659 3936 aut
2700 3873 2871 3936 circa

761 3975 1016 4038 turmas
1061 3971 1300 4058 quibus
1343 3977 1670 4062 praeerant
1729 3973 2045 4058 quicquid
2106 3973 2463 4060 disponere,
2532 3973 2869 4060 corrigere,

763 4083 880 4140 aut
939 4075 1292 4142 reformare
1361 4077 1442 4142 de
1503 4077 1604 4142 his
1651 4099 1800 4164 quae
1845 4077 1934 4140 ad
1978 4077 2249 4162 negotia
2290 4075 2529 4140 bellica
2582 4077 2873 4162 pertine·

761 4179 968 4244 bant?
1013 4195 1016 4198 ’
1079 4179 1382 4260 Qualiter
1445 4203 1598 4266 ergo
1643 4179 1961 4266 scriptum
2004 4183 2105 4244 est
2154 4179 2235 4242 de
2294 4199 2385 4256 eo,
2436 4179 2613 4266 quod
2660 4177 2875 4244 oct‘e‘sn-
2900 4197 2931 4242 2
2954 4191 3087 4272 sam.

759 4287 986 4366 „qantos
1029 4281 1374 4368 interfecit
1425 4281 1690 4368 impetu
1731 4303 1874 4346 uno
1899 4287 1932 4346 ?
2092 4281 2239 4346 Imo
2308 4285 2449 4346 tam
2492 4281 2629 4368 ipse
2676 4303 2875 4368 quam
2898 4275 3045 4312 xxm.
3072 4267 3117 4312 ⁸·

761 4383 878 4448 alii
923 4383 1120 4450 duces
1167 4389 1530 4450 castrorum
1575 4383 1852 4448 Domini
1913 4405 2051 4448 non
2114 4383 2321 4448 solum
2396 4389 2589 4450 erant
2656 4383 2875 4448 fortis-

763 4489 914 4554 simi
955 4487 1324 4566 bellatoreS,
1391 4487 1506 4554 sed
1571 4493 1642 4554 et
1705 4493 2225 4578 propugnatores
2288 4487 2595 4568 hostium,
2664 4493 2877 4554 castra

781 4645 918 4652 .-.ὲ-η
931 4645 1168 4650 —-.—--.--—..
1177 4645 1192 4650 -
1199 4643 1528 4650 --.-.—-—————

1421 4787 1424 4792 ,
1499 4723 1514 4752 ¹
1549 4721 1796 4788 episcopo]
1835 4737 1934 4774 om.
1960 4719 2141 4774 c.c.C.
