3875 5734
1641 811 1995 864 nms'roLAE.
2736 791 2867 860 265

687 1033 698 1044 .
783 985 998 1050 Erunt
1041 1005 1316 1070 quoque,
1379 985 1500 1050 hoc
1553 983 1780 1050 morbo
1823 983 2067 1050 fortius·
2122 981 2483 1070 ingruente,
2532 1001 2685 1048 oves
2730 981 2871 1048 sine

783 1095 1084 1176 pastore3
1127 1085 1288 1172 quia
1331 1089 1452 1152 aut
1489 1087 1712 1152 nullus
1757 1087 2041 1152 intrabit
2100 1085 2187 1152 ‘in
2228 1083 2401 1152 ovile
2442 1083 2697 1166 ovium,
2742 1090 2865 1152 aut
2896 1095 2947 1146 S.
2970 1095 3089 1148 Joh.
3108 1113 3161 1148 x.

781 1189 980 1276 siquis
1023 1189 1248 1268 intrat,
1297 1209 1444 1254 ‘non
1485 1187 1780 1256 intrabit
1813 1211 1945 1276 3001·
1986 1187 2257 1270 ostium,
2290 1209 2367 1254 ac
2404 1211 2533 1276 per
2564 1187 2683 1254 hoc
2724 1211 2873 1258 ‘non
2898 1167 2943 1228 ¹⁹
2962 1167 3015 1216 ²·

781 1291 912 1360 erit
945 1297 1184 1380 pastor
1227 1291 1482 1370 ovium,
1547 1291 1660 1356 sed
1703 1311 1953 1356 vanum
2014 1313 2249 1380 gerens
2310 1293 2587 1378 pastoris
2628 1313 2873 1358 nomen

781 1395 1134 1462 secundum
1177 1395 1514 1482 prophetae
1559 1417 1800 1474 vocem,
1847 1397 2169 1462 veraciter
2228 1395 2357 1460 erit
2412 1393 2699 1476 idolum,
2742 1395 2869 1476 vel,
2894 1403 3043 1454 Zech.
3064 1401 3141 1456 xi.

781 1497 956 1586 quod
1025 1495 1212 1584 pejus
1287 1503 1404 1578 est,
1479 1497 1832 1564 secundum
1907 1497 2113 1564 alium
2186 1497 2587 1586 prophetam,
2660 1497 2871 1566 leonis
2890 1473 3075 1590 abab.

781 1599 1118 1686 micatis
1191 1607 1254 1668 et
1313 1599 1472 1686 lupi
1561 1623 1770 1668 mores
1859 1601 2191 1668 obtinebit
2278 1606 2349 1666 et
2436 1599 2825 1668 vocabulum
2852 1605 3023 1680 ;xxii·
3038 1611 3123 1666 25,

779 1707 994 1792 sicque
1037 1725 1174 1770 non
1237 1705 1568 1770 existente
1609 1725 1766 1770 vero
1831 1705 2095 1770 nomine
2136 1707 2415 1792 pastore,
2460 1709 2875 1790 exponentur
2892 1675 2973 1726 ²⁷·

781 1829 936 1876 oves
993 1807 1370 1896 perditioni,
1415 1813 1734 1894 eruntque
1795 1807 1892 1872 rei
1937 1807 2169 1874 mortis
2214 1831 2439 1874 earum
2482 1829 2617 1874 non
2662 1807 2877 1874 solum

781 1911 852 1976 hi
895 1913 1012 1998 qui
1055 1933 1166 1978 eas
1209 1911 1568 1998 perditioni
1613 1917 1969 1998 exponunt,
2016 1911 2133 1980 sed
2178 1917 2245 1978 et
2288 1911 2359 1976 hi
2404 1911 2519 1998 qui
2562 1911 2877 1978 obsistere

781 2019 1086 2102 poterant
1131 2019 1202 2082 et
1241 2037 1380 2080 non
1423 2015 1838 2082 obstiterunt.
1929 2015 2037 2082 Ne
2096 2013 2307 2102 igitur
2352 2019 2547 2082 tanta
2588 2013 2765 2080 mala
2804 2013 2883 2078 in

779 2117 1168 2184 immensum
1253 2121 1672 2196 succrescant,
1763 2121 2001 2184 vestrae
2090 2117 2513 2204 paternitatis
2596 2117 2883 2184 discreta

781 2219 1094 2286 sanctitas
1157 2223 1418 2306 satagat
1479 2219 1692 2286 modis
1743 2221 2049 2286 omnibus
2090 2223 2231 2284 tam
2276 2219 2609 2306 pestilenti
2652 2219 2883 2286 morbo

781 2323 936 2388 dum
1009 2343 1232 2388 recens
1307 2325 1410 2388 est
1481 2343 1822 2402 occurrere,
1897 2343 1985 2388 ne
2058 2321 2117 2388 si
2190 2343 2307 2408 per
2374 2319 2605 2408 longas
2670 2343 2885 2388 moras

781 2423 1152 2502 invaluerit,
1199 2445 1342 2490 sero
1403 2423 1798 2490 adhibeatur
1857 2423 2207 2510 diligentia
2256 2413 2547 2490 medelae.
2638 2423 2879 2502 Instat,

781 2531 858 2592 ut
881 2523 900 2562 ¹
971 2525 1362 2604 audivimus,
1411 2525 1550 2590 dies
1613 2523 1949 2592 electionis
2010 2525 2417 2592 celebrandae
2482 2525 2557 2590 in
2616 2527 2885 2592 ecclesia

785 2629 1194 2710 Herfordiae3
1237 2631 1306 2694 et
1373 2627 1652 2694 timetur
1717 2649 1802 2694 ne
1869 2629 2039 2694 forte
2106 2629 2269 2694 dicti
2328 2629 2545 2694 morbi
2606 2651 2885 2694 acumen

783 2753 850 2796 se
889 2731 1138 2796 ibidem
1181 2729 1444 2796 :fortiter
1501 2729 1802 2818 ingerat3
1843 2731 2141 2816 ideoque,
2188 2733 2267 2796 ut
2328 2735 2571 2796 nostrae
2612 2731 2885 2796 videtur

781 2831 1166 2910 modicitati,
1209 2837 1450 2898 vestrae
1515 2831 1856 2920 sapientiae
1919 2835 1989 2898 et
2054 2833 2439 2898 auctoritati
2488 2835 2883 2898 conveniens

783 2937 906 3002 erit
947 2937 1004 3002 si
1049 2935 1244 3002 dictae
1289 2935 1574 3002 ecclesiae
1617 2935 1904 3022 capitulo
1950 2955 2035 3000 ex
2062 2941 2251 3022 parte
2294 2939 2517 3000 vestra
2558 2937 2885 3000 scribatur

783 3037 1008 3104 efficax
1049 3037 1384 3126 persuasio
1431 3039 1510 3104 de
1555 3039 1852 3126 eligendo
1897 3041 2157 3124 pastore
2200 3039 2453 3116 idone0‚
2490 3041 2569 3102 ‘et
2620 3039 2701 3104 de
2744 3061 2885 3102 non

781 3141 1072 3208 timendo
1139 3141 1354 3206 minas
1417 3141 1776 3222 hominum,
1839 3143 1912 3206 et
1972 3141 2055 3204 de
2124 3141 2415 3206 cavendo
2478 3139 2885 3206 seductiones

779 3243 1302 3326 blandientium3
1345 3247 1418 3310 et
1477 3243 1536 3308 si
1595 3267 1638 3308 a
1681 3243 1882 3308 latere
1927 3247 2151 3308 vestro
2212 3245 2301 3308 ad
2344 3245 2553 3310 dictos
2596 3245 2771 3310 diem
2814 3247 2887 3310 et

781 3345 992 3412 locum
1019 3345 1382 3412 mittantur
1409 3345 1616 3432 aliqui
1643 3345 2001 3432 prudentes
2032 3351 2103 3412 et
2130 3345 2383 3412 strenui
2428 3347 2541 3432 qui
2588 3347 2885 3412 chartam

785 3447 980 3534 Regis
1023 3447 1070 3514 J
1071 3447 1348 3514 ohannis
1393 3447 1478 3514 de
1523 3447 1928 3514 concessione
1990 3447 2319 3514 libertatis
2380 3449 2773 3514 electionum
2816 3451 2887 3514 et

783 3547 1340 3618 confirmationem
1409 3555 1654 3618 sanctae
1715 3551 2047 3618 memoriae
2112 3551 2313 3638 Papae
2364 3551 2739 3618 Innocentii
2802 3549 2885 3618 de

781 3655 1006 3720 eadem
1079 3655 1508 3734 concessione,
1595 3653 2115 3740 sententiamque
2204 3655 2409 3720 latam
2496 3655 2571 3718 in
2658 3675 2887 3720 omnes

781 3755 1126 3820 violatores
1191 3755 1578 3822 libertatum
1651 3777 2097 3820 concessarum
2172 3755 2245 3820 in
2314 3755 2559 3842 Magna
2634 3753 2885 3822 Charta

781 3857 1028 3922 domini
1091 3859 1280 3944 regis,
1325 3857 1402 3922 in
1463 3879 1596 3942 qua
1655 3859 2031 3924 conceditur
2098 3859 2277 3944 quod
2334 3859 2601 3924 ecclesia
2644 3857 2883 3942 Angli-

781 3981 942 4024 cana
981 3961 1056 4026 in
1097 3963 1490 4048 perpetuum
1535 3959 1622 4026 sit
1665 3957 1888 4040 libera,
1919 3965 1989 4026 et
2030 3959 2277 4026 habeat
2304 3961 2525 4026 omnia
2558 3957 2715 4046 jura
2758 3981 2879 4026 sua

779 4061 1048 4150 integra,
1095 4065 1166 4128 et
1221 4063 1568 4128 libertates
1627 4083 1778 4128 suas
1837 4063 2091 4140 illaesas,
2136 4067 2207 4128 et
2264 4065 2661 4148 principium
2720 4083 2875 4128 con-

779 4165 910 4230 cilii
953 4165 1346 4232 oxoniensis
1413 4167 1484 4230 111
1551 4187 1682 4252 quo
1725 4165 2375 4230 excommunicantur
2430 4171 2467 4200 “
2486 4187 2713 4232 omnes
2756 4167 2873 4252 qui
2898 4151 3093 4272 3⁰¹¹&-

785 4273 822 4302 “
863 4269 1160 4332 ecclesias
1187 4269 1512 4334 malitiose
1543 4291 1658 4332 suo
1679 4269 1828 4353 jure
1857 4269 2121 4354 privare
2150 4273 2577 4356 praesumunt,
2608 4275 2727 4334 aut
2754 4290 2875 4355 per
2904 4237 3069 4338 1522?

785 4377 824 4410 “
863 4371 1186 4436 malitiam
1203 4371 1560 4438 earundem
1577 4371 1912 4438 libertates
1935 4371 2337 4458 confringere
2354 4371 2463 4438 vel
2490 4371 2875 4458 perturbare
2898 4353 3137 4488 fffflffis’
3154 4353 3191 4406 i.

1589 4703 1606 4734 ¹
1641 4701 1722 4768 ut]
1759 4707 1826 4764 et,
1841 4701 2025 4756 GC-C.
