<?xml version="1.0" encoding="UTF-8"?>
<!DOCTYPE html PUBLIC "-//W3C//DTD XHTML 1.0 Transitional//EN"
    "http://www.w3.org/TR/xhtml1/DTD/xhtml1-transitional.dtd">
<html xmlns="http://www.w3.org/1999/xhtml" xml:lang="en" lang="en">
 <head>
  <title>
</title>
<meta http-equiv="Content-Type" content="text/html;charset=utf-8" />
  <meta name='ocr-system' content='tesseract 3.04.00' />
  <meta name='ocr-capabilities' content='ocr_page ocr_carea ocr_par ocr_line ocrx_word'/>
</head>
<body>
  <div class='ocr_page' id='page_1' title='image "./robertigrossete01luargoog_0542.png"; bbox 0 0 3875 5734; ppageno 0'>
   <div class='ocr_carea' id='block_1_1' title="bbox 745 987 986 1108">
    <p class='ocr_par' dir='ltr' id='par_1_1' title="bbox 745 987 986 1108">
     <span class='ocr_line' id='line_1_1' title="bbox 749 987 936 1038; baseline 0 0"><span class='ocrx_word' id='word_1_1' title='bbox 749 987 848 1038; x_wconf 85' lang='lat' dir='ltr'>and</span> <span class='ocrx_word' id='word_1_2' title='bbox 867 987 936 1038; x_wconf 87' lang='lat' dir='ltr'>he</span> 
     </span>
     <span class='ocr_line' id='line_1_2' title="bbox 745 1065 986 1108; baseline 0.008 -2"><span class='ocrx_word' id='word_1_3' title='bbox 745 1065 882 1106; x_wconf 84' lang='lat' dir='ltr'>must</span> <span class='ocrx_word' id='word_1_4' title='bbox 905 1071 986 1108; x_wconf 88' lang='lat' dir='ltr'>see</span> 
     </span>
    </p>
   </div>
   <div class='ocr_carea' id='block_1_2' title="bbox 745 1125 998 1192">
    <p class='ocr_par' dir='ltr' id='par_1_2' title="bbox 745 1125 998 1192">
     <span class='ocr_line' id='line_1_3' title="bbox 745 1125 998 1192; baseline 0 -16"><span class='ocrx_word' id='word_1_5' title='bbox 745 1125 856 1176; x_wconf 81' lang='lat' dir='ltr'>that</span> <span class='ocrx_word' id='word_1_6' title='bbox 875 1125 998 1192; x_wconf 76' lang='lat' dir='ltr'>they</span> 
     </span>
    </p>
   </div>
   <div class='ocr_carea' id='block_1_3' title="bbox 749 1191 968 1328">
    <p class='ocr_par' dir='ltr' id='par_1_3' title="bbox 749 1191 968 1328">
     <span class='ocr_line' id='line_1_4' title="bbox 749 1191 968 1244; baseline 0 -2"><span class='ocrx_word' id='word_1_7' title='bbox 749 1195 816 1242; x_wconf 84' lang='lat' dir='ltr'>do</span> <span class='ocrx_word' id='word_1_8' title='bbox 837 1191 968 1244; x_wconf 85' lang='lat' dir='ltr'>their</span> 
     </span>
     <span class='ocr_line' id='line_1_5' title="bbox 753 1263 896 1328; baseline 0.014 -18"><span class='ocrx_word' id='word_1_9' title='bbox 753 1263 896 1328; x_wconf 78' lang='lat' dir='ltr'>duty.</span> 
     </span>
    </p>
   </div>
   <div class='ocr_carea' id='block_1_4' title="bbox 755 2441 1080 2628">
    <p class='ocr_par' dir='ltr' id='par_1_4' title="bbox 755 2441 1080 2628">
     <span class='ocr_line' id='line_1_6' title="bbox 755 2441 1064 2508; baseline 0 -16"><span class='ocrx_word' id='word_1_10' title='bbox 755 2441 866 2494; x_wconf 85' lang='lat' dir='ltr'>The</span> <span class='ocrx_word' id='word_1_11' title='bbox 887 2441 1064 2508; x_wconf 87' lang='lat' dir='ltr'>bishop</span> 
     </span>
     <span class='ocr_line' id='line_1_7' title="bbox 755 2513 1080 2576; baseline 0.006 -16"><span class='ocrx_word' id='word_1_12' title='bbox 755 2513 1080 2576; x_wconf 87' lang='lat' dir='ltr'>corresponds</span> 
     </span>
     <span class='ocr_line' id='line_1_8' title="bbox 755 2577 1066 2628; baseline 0.01 -2"><span class='ocrx_word' id='word_1_13' title='bbox 755 2583 810 2628; x_wconf 88' lang='lat' dir='ltr'>to</span> <span class='ocrx_word' id='word_1_14' title='bbox 829 2577 916 2628; x_wconf 79' lang='lat' dir='ltr'>the</span> <span class='ocrx_word' id='word_1_15' title='bbox 939 2581 1066 2628; x_wconf 85' lang='lat' dir='ltr'>head</span> 
     </span>
    </p>
   </div>
   <div class='ocr_carea' id='block_1_5' title="bbox 1109 777 2559 840">
    <p class='ocr_par' dir='ltr' id='par_1_5' title="bbox 1109 777 2559 840">
     <span class='ocr_line' id='line_1_9' title="bbox 1109 777 2559 840; baseline 0 0"><span class='ocrx_word' id='word_1_16' title='bbox 1109 777 1238 840; x_wconf 81' lang='lat'>402</span> <span class='ocrx_word' id='word_1_17' title='bbox 1763 789 2055 840; x_wconf 72' lang='lat' dir='ltr'><strong>ROBERTI</strong></span> <span class='ocrx_word' id='word_1_18' title='bbox 2100 789 2559 840; x_wconf 68' lang='lat' dir='ltr'>oaosss‘rsszrr:</span> 
     </span>
    </p>
   </div>
   <div class='ocr_carea' id='block_1_6' title="bbox 1103 969 3197 2620">
    <p class='ocr_par' dir='ltr' id='par_1_6' title="bbox 1103 969 3197 2412">
     <span class='ocr_line' id='line_1_10' title="bbox 1105 969 3195 1058; baseline 0.001 -23"><span class='ocrx_word' id='word_1_19' title='bbox 1105 969 1456 1058; x_wconf 86' lang='lat' dir='ltr'>superioris</span> <span class='ocrx_word' id='word_1_20' title='bbox 1499 969 1922 1056; x_wconf 85' lang='lat' dir='ltr'>speculatoris</span> <span class='ocrx_word' id='word_1_21' title='bbox 1968 975 2069 1036; x_wconf 89' lang='lat' dir='ltr'>est</span> <span class='ocrx_word' id='word_1_22' title='bbox 2112 969 2199 1034; x_wconf 86' lang='lat' dir='ltr'>ad</span> <span class='ocrx_word' id='word_1_23' title='bbox 2244 969 2577 1036; x_wconf 86' lang='lat' dir='ltr'>inferiores</span> <span class='ocrx_word' id='word_1_24' title='bbox 2624 969 3073 1056; x_wconf 53' lang='lat' dir='ltr'>speculatores</span> <span class='ocrx_word' id='word_1_25' title='bbox 3126 971 3195 1038; x_wconf 87' lang='lat' dir='ltr'>in</span> 
     </span>
     <span class='ocr_line' id='line_1_11' title="bbox 1103 1073 3195 1164; baseline 0.001 -24"><span class='ocrx_word' id='word_1_26' title='bbox 1103 1075 1508 1162; x_wconf 87' lang='lat' dir='ltr'>adjutorium</span> <span class='ocrx_word' id='word_1_27' title='bbox 1555 1077 1658 1140; x_wconf 87' lang='lat' dir='ltr'>sui</span> <span class='ocrx_word' id='word_1_28' title='bbox 1699 1075 2049 1140; x_wconf 88' lang='lat' dir='ltr'>ministerii</span> <span class='ocrx_word' id='word_1_29' title='bbox 2100 1075 2227 1142; x_wconf 87' lang='lat' dir='ltr'>sibi</span> <span class='ocrx_word' id='word_1_30' title='bbox 2294 1073 2653 1160; x_wconf 57' lang='lat' dir='ltr'>adjunctos</span> <span class='ocrx_word' id='word_1_31' title='bbox 2710 1097 2845 1140; x_wconf 83' lang='lat' dir='ltr'>suae</span> <span class='ocrx_word' id='word_1_32' title='bbox 2914 1077 3195 1164; x_wconf 85' lang='lat' dir='ltr'>specula-</span> 
     </span>
     <span class='ocr_line' id='line_1_12' title="bbox 1105 1179 3193 1268; baseline -0.001 -20"><span class='ocrx_word' id='word_1_33' title='bbox 1105 1179 1304 1248; x_wconf 87' lang='lat' dir='ltr'>tionis</span> <span class='ocrx_word' id='word_1_34' title='bbox 1349 1179 1722 1246; x_wconf 88' lang='lat' dir='ltr'>contuitum</span> <span class='ocrx_word' id='word_1_35' title='bbox 1753 1179 2129 1268; x_wconf 87' lang='lat' dir='ltr'>frequenter</span> <span class='ocrx_word' id='word_1_36' title='bbox 2160 1181 2437 1260; x_wconf 85' lang='lat' dir='ltr'>flectere,</span> <span class='ocrx_word' id='word_1_37' title='bbox 2468 1183 2537 1244; x_wconf 87' lang='lat' dir='ltr'>et</span> <span class='ocrx_word' id='word_1_38' title='bbox 2572 1179 2629 1244; x_wconf 90' lang='lat' dir='ltr'>si</span> <span class='ocrx_word' id='word_1_39' title='bbox 2658 1179 2903 1244; x_wconf 85' lang='lat' dir='ltr'>viderit</span> <span class='ocrx_word' id='word_1_40' title='bbox 2946 1179 3193 1266; x_wconf 84' lang='lat' dir='ltr'>aliquos</span> 
     </span>
     <span class='ocr_line' id='line_1_13' title="bbox 1105 1281 3197 1370; baseline 0 -20"><span class='ocrx_word' id='word_1_41' title='bbox 1105 1289 1456 1352; x_wconf 84' lang='lat' dir='ltr'>stertentes</span> <span class='ocrx_word' id='word_1_42' title='bbox 1477 1281 1496 1320; x_wconf 84' lang='lat'>¹</span> <span class='ocrx_word' id='word_1_43' title='bbox 1575 1285 1684 1352; x_wconf 81' lang='lat' dir='ltr'>vel</span> <span class='ocrx_word' id='word_1_44' title='bbox 1747 1285 2145 1350; x_wconf 88' lang='lat' dir='ltr'>dormientes</span> <span class='ocrx_word' id='word_1_45' title='bbox 2216 1285 2321 1350; x_wconf 89' lang='lat' dir='ltr'>vel</span> <span class='ocrx_word' id='word_1_46' title='bbox 2366 1283 2559 1350; x_wconf 88' lang='lat' dir='ltr'>aliter</span> <span class='ocrx_word' id='word_1_47' title='bbox 2632 1305 2673 1348; x_wconf 93' lang='lat' dir='ltr'>a</span> <span class='ocrx_word' id='word_1_48' title='bbox 2746 1283 3197 1370; x_wconf 70' lang='lat' dir='ltr'>speculationis</span> 
     </span>
     <span class='ocr_line' id='line_1_14' title="bbox 1107 1389 3195 1476; baseline 0 -22"><span class='ocrx_word' id='word_1_49' title='bbox 1107 1389 1314 1456; x_wconf 89' lang='lat' dir='ltr'>officio</span> <span class='ocrx_word' id='word_1_50' title='bbox 1357 1395 1684 1470; x_wconf 62' lang='lat' dir='ltr'>vacantes</span> <span class='ocrx_word' id='word_1_51' title='bbox 1733 1413 1838 1456; x_wconf 89' lang='lat' dir='ltr'>eos</span> <span class='ocrx_word' id='word_1_52' title='bbox 1885 1391 2189 1470; x_wconf 78' lang='lat' dir='ltr'>excitare,</span> <span class='ocrx_word' id='word_1_53' title='bbox 2238 1389 2569 1476; x_wconf 81' lang='lat' dir='ltr'>corripere,</span> <span class='ocrx_word' id='word_1_54' title='bbox 2604 1389 2919 1476; x_wconf 81' lang='lat' dir='ltr'>corrigere</span> <span class='ocrx_word' id='word_1_55' title='bbox 2948 1413 2963 1470; x_wconf 86' lang='lat'><em>3</em></span> <span class='ocrx_word' id='word_1_56' title='bbox 3012 1411 3195 1476; x_wconf 86' lang='lat' dir='ltr'>quos-</span> 
     </span>
     <span class='ocr_line' id='line_1_15' title="bbox 1109 1493 3191 1582; baseline 0.001 -24"><span class='ocrx_word' id='word_1_57' title='bbox 1109 1515 1238 1580; x_wconf 87' lang='lat' dir='ltr'>que</span> <span class='ocrx_word' id='word_1_58' title='bbox 1287 1493 1360 1558; x_wconf 85' lang='lat' dir='ltr'>in</span> <span class='ocrx_word' id='word_1_59' title='bbox 1405 1495 1772 1560; x_wconf 85' lang='lat' dir='ltr'>ministerio</span> <span class='ocrx_word' id='word_1_60' title='bbox 1817 1515 1932 1560; x_wconf 88' lang='lat' dir='ltr'>suo</span> <span class='ocrx_word' id='word_1_61' title='bbox 1976 1493 2385 1582; x_wconf 82' lang='lat' dir='ltr'>perspexerit</span> <span class='ocrx_word' id='word_1_62' title='bbox 2428 1493 2783 1580; x_wconf 87' lang='lat' dir='ltr'>prudentes</span> <span class='ocrx_word' id='word_1_63' title='bbox 2824 1497 2893 1558; x_wconf 91' lang='lat' dir='ltr'>et</span> <span class='ocrx_word' id='word_1_64' title='bbox 2956 1493 3191 1574; x_wconf 59' lang='lat' dir='ltr'>fideles</span> 
     </span>
     <span class='ocr_line' id='line_1_16' title="bbox 1107 1595 3195 1686; baseline 0 -24"><span class='ocrx_word' id='word_1_65' title='bbox 1107 1599 1396 1666; x_wconf 86' lang='lat' dir='ltr'>animare</span> <span class='ocrx_word' id='word_1_66' title='bbox 1457 1599 1544 1666; x_wconf 87' lang='lat' dir='ltr'>ad</span> <span class='ocrx_word' id='word_1_67' title='bbox 1615 1597 1846 1664; x_wconf 88' lang='lat' dir='ltr'>melius</span> <span class='ocrx_word' id='word_1_68' title='bbox 1907 1597 2197 1686; x_wconf 76' lang='lat' dir='ltr'>praemiis</span> <span class='ocrx_word' id='word_1_69' title='bbox 2256 1601 2325 1664; x_wconf 86' lang='lat' dir='ltr'>et</span> <span class='ocrx_word' id='word_1_70' title='bbox 2400 1595 2759 1662; x_wconf 59' lang='lat' dir='ltr'>laudibus?</span> <span class='ocrx_word' id='word_1_71' title='bbox 2844 1595 3071 1662; x_wconf 86' lang='lat' dir='ltr'>Potest</span> <span class='ocrx_word' id='word_1_72' title='bbox 3130 1603 3195 1662; x_wconf 90' lang='lat' dir='ltr'>et</span> 
     </span>
     <span class='ocr_line' id='line_1_17' title="bbox 1109 1699 3193 1788; baseline 0.001 -24"><span class='ocrx_word' id='word_1_73' title='bbox 1109 1701 1484 1786; x_wconf 85' lang='lat' dir='ltr'>hujusmodi</span> <span class='ocrx_word' id='word_1_74' title='bbox 1549 1701 1914 1788; x_wconf 86' lang='lat' dir='ltr'>speculator</span> <span class='ocrx_word' id='word_1_75' title='bbox 1974 1701 2283 1788; x_wconf 78' lang='lat' dir='ltr'>superior,</span> <span class='ocrx_word' id='word_1_76' title='bbox 2330 1707 2597 1788; x_wconf 88' lang='lat' dir='ltr'>propter</span> <span class='ocrx_word' id='word_1_77' title='bbox 2658 1699 2899 1788; x_wconf 84' lang='lat' dir='ltr'>gradus</span> <span class='ocrx_word' id='word_1_78' title='bbox 2964 1701 3063 1766; x_wconf 85' lang='lat' dir='ltr'>sui</span> <span class='ocrx_word' id='word_1_79' title='bbox 3122 1701 3193 1766; x_wconf 87' lang='lat' dir='ltr'>in</span> 
     </span>
     <span class='ocr_line' id='line_1_18' title="bbox 1111 1803 3193 1892; baseline 0.001 -22"><span class='ocrx_word' id='word_1_80' title='bbox 1111 1806 1370 1892; x_wconf 87' lang='lat' dir='ltr'>specula</span> <span class='ocrx_word' id='word_1_81' title='bbox 1413 1803 1832 1870; x_wconf 73' lang='lat' dir='ltr'>eminentiam</span> <span class='ocrx_word' id='word_1_82' title='bbox 1879 1809 1949 1870; x_wconf 91' lang='lat' dir='ltr'>et</span> <span class='ocrx_word' id='word_1_83' title='bbox 1992 1803 2175 1870; x_wconf 87' lang='lat' dir='ltr'>visus</span> <span class='ocrx_word' id='word_1_84' title='bbox 2218 1803 2321 1870; x_wconf 87' lang='lat' dir='ltr'>sui</span> <span class='ocrx_word' id='word_1_85' title='bbox 2384 1827 2657 1870; x_wconf 89' lang='lat' dir='ltr'>acumen</span> <span class='ocrx_word' id='word_1_86' title='bbox 2712 1805 2787 1870; x_wconf 84' lang='lat' dir='ltr'>in</span> <span class='ocrx_word' id='word_1_87' title='bbox 2832 1827 2959 1890; x_wconf 92' lang='lat' dir='ltr'>quo</span> <span class='ocrx_word' id='word_1_88' title='bbox 3002 1805 3193 1872; x_wconf 82' lang='lat' dir='ltr'>debet</span> 
     </span>
     <span class='ocr_line' id='line_1_19' title="bbox 1109 1907 3193 1998; baseline 0.001 -26"><span class='ocrx_word' id='word_1_89' title='bbox 1109 1907 1526 1974; x_wconf 87' lang='lat' dir='ltr'>inferioribus</span> <span class='ocrx_word' id='word_1_90' title='bbox 1547 1907 1574 1944; x_wconf 75' lang='lat'>2</span> <span class='ocrx_word' id='word_1_91' title='bbox 1617 1907 2017 1996; x_wconf 77' lang='lat' dir='ltr'>praeminere,</span> <span class='ocrx_word' id='word_1_92' title='bbox 2064 1911 2135 1974; x_wconf 88' lang='lat' dir='ltr'>et</span> <span class='ocrx_word' id='word_1_93' title='bbox 2162 1911 2431 1998; x_wconf 82' lang='lat' dir='ltr'>propter</span> <span class='ocrx_word' id='word_1_94' title='bbox 2474 1907 2893 1996; x_wconf 66' lang='lat' dir='ltr'>experientiae</span> <span class='ocrx_word' id='word_1_95' title='bbox 2934 1909 3193 1996; x_wconf 89' lang='lat' dir='ltr'>majoris</span> 
     </span>
     <span class='ocr_line' id='line_1_20' title="bbox 1109 2013 3193 2100; baseline 0.001 -24"><span class='ocrx_word' id='word_1_96' title='bbox 1109 2013 1422 2100; x_wconf 86' lang='lat' dir='ltr'>majorem</span> <span class='ocrx_word' id='word_1_97' title='bbox 1463 2013 1786 2100; x_wconf 72' lang='lat' dir='ltr'>peritiam,</span> <span class='ocrx_word' id='word_1_98' title='bbox 1817 2013 2041 2076; x_wconf 87' lang='lat' dir='ltr'>omnia</span> <span class='ocrx_word' id='word_1_99' title='bbox 2066 2013 2217 2076; x_wconf 89' lang='lat' dir='ltr'>visu</span> <span class='ocrx_word' id='word_1_100' title='bbox 2260 2013 2651 2100; x_wconf 88' lang='lat' dir='ltr'>perlustrare</span> <span class='ocrx_word' id='word_1_101' title='bbox 2680 2035 2829 2100; x_wconf 83' lang='lat' dir='ltr'>quae</span> <span class='ocrx_word' id='word_1_102' title='bbox 2868 2013 3193 2080; x_wconf 84' lang='lat' dir='ltr'>inferiores</span> 
     </span>
     <span class='ocr_line' id='line_1_21' title="bbox 1107 2115 3191 2204; baseline 0 -22"><span class='ocrx_word' id='word_1_103' title='bbox 1107 2137 1184 2182; x_wconf 91' lang='lat' dir='ltr'>eo</span> <span class='ocrx_word' id='word_1_104' title='bbox 1229 2121 1502 2202; x_wconf 77' lang='lat' dir='ltr'>possunt</span> <span class='ocrx_word' id='word_1_105' title='bbox 1547 2115 1880 2202; x_wconf 81' lang='lat' dir='ltr'>speculari,</span> <span class='ocrx_word' id='word_1_106' title='bbox 1929 2119 1999 2182; x_wconf 90' lang='lat' dir='ltr'>et</span> <span class='ocrx_word' id='word_1_107' title='bbox 2058 2115 2275 2180; x_wconf 86' lang='lat' dir='ltr'>multa</span> <span class='ocrx_word' id='word_1_108' title='bbox 2316 2115 2583 2204; x_wconf 85' lang='lat' dir='ltr'>insuper</span> <span class='ocrx_word' id='word_1_109' title='bbox 2626 2117 2713 2182; x_wconf 86' lang='lat' dir='ltr'>ad</span> <span class='ocrx_word' id='word_1_110' title='bbox 2776 2139 2923 2202; x_wconf 87' lang='lat' dir='ltr'>quae</span> <span class='ocrx_word' id='word_1_111' title='bbox 2982 2117 3191 2182; x_wconf 90' lang='lat' dir='ltr'>nullus</span> 
     </span>
     <span class='ocr_line' id='line_1_22' title="bbox 1105 2219 3189 2310; baseline 0 -24"><span class='ocrx_word' id='word_1_112' title='bbox 1105 2241 1346 2298; x_wconf 87' lang='lat' dir='ltr'>eorum,</span> <span class='ocrx_word' id='word_1_113' title='bbox 1393 2219 1502 2286; x_wconf 87' lang='lat' dir='ltr'>sed</span> <span class='ocrx_word' id='word_1_114' title='bbox 1569 2241 1688 2286; x_wconf 90' lang='grc'>1166</span> <span class='ocrx_word' id='word_1_115' title='bbox 1733 2219 1928 2286; x_wconf 89' lang='lat' dir='ltr'>simul</span> <span class='ocrx_word' id='word_1_116' title='bbox 1974 2221 2271 2286; x_wconf 87' lang='lat' dir='ltr'>omnium</span> <span class='ocrx_word' id='word_1_117' title='bbox 2336 2225 2555 2308; x_wconf 86' lang='lat' dir='ltr'>potest</span> <span class='ocrx_word' id='word_1_118' title='bbox 2598 2221 2949 2310; x_wconf 88' lang='lat' dir='ltr'>speculatio</span> <span class='ocrx_word' id='word_1_119' title='bbox 2994 2223 3189 2288; x_wconf 85' lang='lat' dir='ltr'>attin-</span> 
     </span>
     <span class='ocr_line' id='line_1_23' title="bbox 1103 2345 1268 2412; baseline 0 -22"><span class='ocrx_word' id='word_1_120' title='bbox 1103 2345 1268 2412; x_wconf 83' lang='lat' dir='ltr'>gere.</span> 
     </span>
    </p>

    <p class='ocr_par' dir='ltr' id='par_1_7' title="bbox 1103 2425 3189 2620">
     <span class='ocr_line' id='line_1_24' title="bbox 1193 2425 3189 2516; baseline 0.001 -24"><span class='ocrx_word' id='word_1_121' title='bbox 1193 2425 1364 2494; x_wconf 85' lang='lat' dir='ltr'>Oum</span> <span class='ocrx_word' id='word_1_122' title='bbox 1431 2427 1652 2514; x_wconf 86' lang='lat' dir='ltr'>igitur,</span> <span class='ocrx_word' id='word_1_123' title='bbox 1729 2433 1808 2494; x_wconf 90' lang='lat' dir='ltr'>ut</span> <span class='ocrx_word' id='word_1_124' title='bbox 1881 2427 2271 2516; x_wconf 75' lang='lat' dir='ltr'>praedictum</span> <span class='ocrx_word' id='word_1_125' title='bbox 2346 2433 2463 2508; x_wconf 90' lang='lat' dir='ltr'>est,</span> <span class='ocrx_word' id='word_1_126' title='bbox 2542 2429 2875 2516; x_wconf 88' lang='lat' dir='ltr'>episcopus</span> <span class='ocrx_word' id='word_1_127' title='bbox 2936 2429 3027 2496; x_wconf 87' lang='lat' dir='ltr'>sit</span> <span class='ocrx_word' id='word_1_128' title='bbox 3082 2427 3189 2494; x_wconf 89' lang='lat' dir='ltr'>ille</span> 
     </span>
     <span class='ocr_line' id='line_1_25' title="bbox 1103 2533 3189 2620; baseline 0 -22"><span class='ocrx_word' id='word_1_129' title='bbox 1103 2533 1470 2620; x_wconf 87' lang='lat' dir='ltr'>speculator</span> <span class='ocrx_word' id='word_1_130' title='bbox 1521 2533 1636 2618; x_wconf 90' lang='lat' dir='ltr'>qui</span> <span class='ocrx_word' id='word_1_131' title='bbox 1695 2533 1768 2596; x_wconf 88' lang='lat' dir='ltr'>in</span> <span class='ocrx_word' id='word_1_132' title='bbox 1817 2533 2193 2618; x_wconf 86' lang='lat' dir='ltr'>hujusmodi</span> <span class='ocrx_word' id='word_1_133' title='bbox 2240 2533 2505 2620; x_wconf 87' lang='lat' dir='ltr'>specula</span> <span class='ocrx_word' id='word_1_134' title='bbox 2546 2535 2939 2620; x_wconf 87' lang='lat' dir='ltr'>superiorem</span> <span class='ocrx_word' id='word_1_135' title='bbox 2982 2533 3189 2598; x_wconf 85' lang='lat' dir='ltr'>locum</span> 
     </span>
    </p>
   </div>
   <div class='ocr_carea' id='block_1_7' title="bbox 753 2636 3191 2724">
    <p class='ocr_par' dir='ltr' id='par_1_8' title="bbox 753 2636 3191 2724">
     <span class='ocr_line' id='line_1_26' title="bbox 753 2636 3191 2724; baseline 0.004 -31"><span class='ocrx_word' id='word_1_136' title='bbox 753 2645 1034 2696; x_wconf 78' lang='lat' dir='ltr'>watehman</span> <span class='ocrx_word' id='word_1_137' title='bbox 1103 2637 1378 2716; x_wconf 78' lang='lat' dir='ltr'>obtinet,</span> <span class='ocrx_word' id='word_1_138' title='bbox 1427 2641 1492 2702; x_wconf 89' lang='lat' dir='ltr'>et</span> <span class='ocrx_word' id='word_1_139' title='bbox 1537 2641 1816 2702; x_wconf 84' lang='lat' dir='ltr'>rectores</span> <span class='ocrx_word' id='word_1_140' title='bbox 1883 2637 2257 2702; x_wconf 87' lang='lat' dir='ltr'>animarum</span> <span class='ocrx_word' id='word_1_141' title='bbox 2320 2636 2443 2702; x_wconf 88' lang='lat' dir='ltr'>sub</span> <span class='ocrx_word' id='word_1_142' title='bbox 2520 2659 2595 2702; x_wconf 90' lang='lat' dir='ltr'>eo</span> <span class='ocrx_word' id='word_1_143' title='bbox 2670 2637 3011 2702; x_wconf 87' lang='lat' dir='ltr'>constituti</span> <span class='ocrx_word' id='word_1_144' title='bbox 3082 2637 3191 2724; x_wconf 89' lang='lat' dir='ltr'>qui</span> 
     </span>
    </p>
   </div>
   <div class='ocr_carea' id='block_1_8' title="bbox 753 2713 918 2762">
    <p class='ocr_par' dir='ltr' id='par_1_9' title="bbox 753 2713 918 2762">
     <span class='ocr_line' id='line_1_27' title="bbox 753 2713 918 2762; baseline 0 0"><span class='ocrx_word' id='word_1_145' title='bbox 753 2713 814 2762; x_wconf 88' lang='lat' dir='ltr'>of</span> <span class='ocrx_word' id='word_1_146' title='bbox 827 2715 918 2762; x_wconf 82' lang='lat' dir='ltr'>the</span> 
     </span>
    </p>
   </div>
   <div class='ocr_carea' id='block_1_9' title="bbox 751 2739 3191 2850">
    <p class='ocr_par' dir='ltr' id='par_1_10' title="bbox 751 2739 3191 2850">
     <span class='ocr_line' id='line_1_28' title="bbox 751 2739 3191 2850; baseline -0.002 -42"><span class='ocrx_word' id='word_1_147' title='bbox 751 2781 1016 2850; x_wconf 77' lang='lat' dir='ltr'>vineyard.</span> <span class='ocrx_word' id='word_1_148' title='bbox 1097 2741 1240 2808; x_wconf 87' lang='lat' dir='ltr'>loca</span> <span class='ocrx_word' id='word_1_149' title='bbox 1313 2741 1616 2808; x_wconf 84' lang='lat' dir='ltr'>obtinent</span> <span class='ocrx_word' id='word_1_150' title='bbox 1681 2739 2009 2820; x_wconf 87' lang='lat' dir='ltr'>inferiora,</span> <span class='ocrx_word' id='word_1_151' title='bbox 2076 2743 2267 2828; x_wconf 88' lang='lat' dir='ltr'>patet</span> <span class='ocrx_word' id='word_1_152' title='bbox 2334 2741 2511 2826; x_wconf 87' lang='lat' dir='ltr'>quod</span> <span class='ocrx_word' id='word_1_153' title='bbox 2576 2739 2861 2830; x_wconf 80' lang='lat' dir='ltr'>episcopi</span> <span class='ocrx_word' id='word_1_154' title='bbox 2924 2745 3023 2808; x_wconf 89' lang='lat' dir='ltr'>est</span> <span class='ocrx_word' id='word_1_155' title='bbox 3078 2761 3191 2826; x_wconf 85' lang='lat' dir='ltr'>per</span> 
     </span>
    </p>
   </div>
   <div class='ocr_carea' id='block_1_10' title="bbox 1099 2843 3191 4488">
    <p class='ocr_par' dir='ltr' id='par_1_11' title="bbox 1099 2843 3191 4488">
     <span class='ocr_line' id='line_1_29' title="bbox 1099 2843 3187 2934; baseline -0.001 -24"><span class='ocrx_word' id='word_1_156' title='bbox 1099 2845 1436 2932; x_wconf 84' lang='lat' dir='ltr'>diligentis</span> <span class='ocrx_word' id='word_1_157' title='bbox 1511 2849 1580 2910; x_wconf 89' lang='lat' dir='ltr'>et</span> <span class='ocrx_word' id='word_1_158' title='bbox 1675 2845 2041 2934; x_wconf 84' lang='lat' dir='ltr'>frequentis</span> <span class='ocrx_word' id='word_1_159' title='bbox 2116 2843 2521 2910; x_wconf 82' lang='lat' dir='ltr'>visitationis</span> <span class='ocrx_word' id='word_1_160' title='bbox 2608 2843 2887 2910; x_wconf 85' lang='lat' dir='ltr'>officium</span> <span class='ocrx_word' id='word_1_161' title='bbox 2976 2847 3187 2910; x_wconf 83' lang='lat' dir='ltr'>totum</span> 
     </span>
     <span class='ocr_line' id='line_1_30' title="bbox 1103 2949 3191 3036; baseline -0.001 -22"><span class='ocrx_word' id='word_1_162' title='bbox 1103 2949 1420 3036; x_wconf 88' lang='lat' dir='ltr'>speculari</span> <span class='ocrx_word' id='word_1_163' title='bbox 1481 2949 1941 3036; x_wconf 85' lang='lat' dir='ltr'>episcopatum,</span> <span class='ocrx_word' id='word_1_164' title='bbox 1998 2953 2077 3014; x_wconf 86' lang='lat' dir='ltr'>ut</span> <span class='ocrx_word' id='word_1_165' title='bbox 2134 2949 2457 3034; x_wconf 86' lang='lat' dir='ltr'>spiritales</span> <span class='ocrx_word' id='word_1_166' title='bbox 2520 2949 2895 3036; x_wconf 82' lang='lat' dir='ltr'>vulpeculas</span> <span class='ocrx_word' id='word_1_167' title='bbox 2954 2949 3191 3034; x_wconf 90' lang='lat' dir='ltr'>ubique</span> 
     </span>
     <span class='ocr_line' id='line_1_31' title="bbox 1103 3051 3187 3142; baseline -0.002 -22"><span class='ocrx_word' id='word_1_168' title='bbox 1103 3053 1320 3140; x_wconf 88' lang='lat' dir='ltr'>capiat</span> <span class='ocrx_word' id='word_1_169' title='bbox 1363 3053 1468 3120; x_wconf 89' lang='lat' dir='ltr'>vel</span> <span class='ocrx_word' id='word_1_170' title='bbox 1517 3053 1782 3142; x_wconf 82' lang='lat' dir='ltr'>abigat3</span> <span class='ocrx_word' id='word_1_171' title='bbox 1831 3075 1953 3120; x_wconf 90' lang='lat' dir='ltr'>nec</span> <span class='ocrx_word' id='word_1_172' title='bbox 1998 3051 2127 3118; x_wconf 86' lang='lat' dir='ltr'>erit</span> <span class='ocrx_word' id='word_1_173' title='bbox 2190 3051 2265 3118; x_wconf 86' lang='lat' dir='ltr'>in</span> <span class='ocrx_word' id='word_1_174' title='bbox 2326 3053 2449 3118; x_wconf 91' lang='lat' dir='ltr'>hoc</span> <span class='ocrx_word' id='word_1_175' title='bbox 2494 3053 2797 3140; x_wconf 81' lang='lat' dir='ltr'>cuiquam</span> <span class='ocrx_word' id='word_1_176' title='bbox 2840 3051 3187 3138; x_wconf 82' lang='lat' dir='ltr'>injuriosus</span> 
     </span>
     <span class='ocr_line' id='line_1_32' title="bbox 1103 3157 3191 3246; baseline -0.001 -24"><span class='ocrx_word' id='word_1_177' title='bbox 1103 3157 1216 3224; x_wconf 86' lang='lat' dir='ltr'>sed</span> <span class='ocrx_word' id='word_1_178' title='bbox 1263 3159 1472 3244; x_wconf 84' lang='lat' dir='ltr'>magis</span> <span class='ocrx_word' id='word_1_179' title='bbox 1517 3159 1882 3240; x_wconf 85' lang='lat' dir='ltr'>beneficus;</span> <span class='ocrx_word' id='word_1_180' title='bbox 1925 3159 2231 3246; x_wconf 88' lang='lat' dir='ltr'>ipsosque</span> <span class='ocrx_word' id='word_1_181' title='bbox 2276 3157 2397 3222; x_wconf 89' lang='lat' dir='ltr'>sub</span> <span class='ocrx_word' id='word_1_182' title='bbox 2442 3179 2511 3222; x_wconf 89' lang='lat' dir='ltr'>se</span> <span class='ocrx_word' id='word_1_183' title='bbox 2554 3159 2945 3222; x_wconf 85' lang='lat' dir='ltr'>constitutos</span> <span class='ocrx_word' id='word_1_184' title='bbox 2976 3177 3191 3244; x_wconf 87' lang='lat' dir='ltr'>specu·</span> 
     </span>
     <span class='ocr_line' id='line_1_33' title="bbox 1103 3259 3185 3348; baseline -0.001 -22"><span class='ocrx_word' id='word_1_185' title='bbox 1103 3261 1340 3326; x_wconf 86' lang='lat' dir='ltr'>latores</span> <span class='ocrx_word' id='word_1_186' title='bbox 1415 3261 1614 3328; x_wconf 85' lang='lat' dir='ltr'>debet</span> <span class='ocrx_word' id='word_1_187' title='bbox 1673 3261 1979 3328; x_wconf 82' lang='lat' dir='ltr'>similiter</span> <span class='ocrx_word' id='word_1_188' title='bbox 2052 3261 2457 3326; x_wconf 85' lang='lat' dir='ltr'>visitationis</span> <span class='ocrx_word' id='word_1_189' title='bbox 2532 3261 2741 3326; x_wconf 87' lang='lat' dir='ltr'>officio</span> <span class='ocrx_word' id='word_1_190' title='bbox 2814 3259 3125 3348; x_wconf 89' lang='lat' dir='ltr'>speculari</span> <span class='ocrx_word' id='word_1_191' title='bbox 3146 3259 3185 3336; x_wconf 75' lang='lat'>3,</span> 
     </span>
     <span class='ocr_line' id='line_1_34' title="bbox 1103 3361 3189 3452; baseline -0.001 -22"><span class='ocrx_word' id='word_1_192' title='bbox 1103 3371 1338 3450; x_wconf 85' lang='lat' dir='ltr'>potens</span> <span class='ocrx_word' id='word_1_193' title='bbox 1369 3387 1486 3452; x_wconf 87' lang='lat' dir='ltr'>per</span> <span class='ocrx_word' id='word_1_194' title='bbox 1529 3363 1902 3450; x_wconf 87' lang='lat' dir='ltr'>hujusmodi</span> <span class='ocrx_word' id='word_1_195' title='bbox 1950 3363 2145 3430; x_wconf 89' lang='lat' dir='ltr'>officii</span> <span class='ocrx_word' id='word_1_196' title='bbox 2162 3361 2187 3402; x_wconf 78' lang='lat'>‘¹</span> <span class='ocrx_word' id='word_1_197' title='bbox 2212 3365 2721 3452; x_wconf 85' lang='lat' dir='ltr'>speculationem</span> <span class='ocrx_word' id='word_1_198' title='bbox 2750 3365 2821 3430; x_wconf 89' lang='lat' dir='ltr'>in</span> <span class='ocrx_word' id='word_1_199' title='bbox 2866 3363 3089 3444; x_wconf 86' lang='lat' dir='ltr'>multa,</span> <span class='ocrx_word' id='word_1_200' title='bbox 3120 3363 3189 3428; x_wconf 89' lang='lat' dir='ltr'>in</span> 
     </span>
     <span class='ocr_line' id='line_1_35' title="bbox 1103 3467 3189 3556; baseline 0 -22"><span class='ocrx_word' id='word_1_201' title='bbox 1103 3487 1250 3552; x_wconf 86' lang='lat' dir='ltr'>quae</span> <span class='ocrx_word' id='word_1_202' title='bbox 1293 3489 1428 3532; x_wconf 90' lang='lat' dir='ltr'>non</span> <span class='ocrx_word' id='word_1_203' title='bbox 1473 3471 1690 3556; x_wconf 85' lang='lat' dir='ltr'>potest</span> <span class='ocrx_word' id='word_1_204' title='bbox 1717 3467 2103 3534; x_wconf 86' lang='lat' dir='ltr'>inferiorum</span> <span class='ocrx_word' id='word_1_205' title='bbox 2148 3471 2439 3552; x_wconf 86' lang='lat' dir='ltr'>potestas</span> <span class='ocrx_word' id='word_1_206' title='bbox 2484 3467 2851 3550; x_wconf 82' lang='lat' dir='ltr'>ordinaria3</span> <span class='ocrx_word' id='word_1_207' title='bbox 2898 3467 3189 3554; x_wconf 86' lang='lat' dir='ltr'>quodque</span> 
     </span>
     <span class='ocr_line' id='line_1_36' title="bbox 1103 3569 3191 3658; baseline 0 -22"><span class='ocrx_word' id='word_1_208' title='bbox 1103 3571 1278 3658; x_wconf 87' lang='lat' dir='ltr'>apud</span> <span class='ocrx_word' id='word_1_209' title='bbox 1339 3571 1700 3636; x_wconf 86' lang='lat' dir='ltr'>Dominum</span> <span class='ocrx_word' id='word_1_210' title='bbox 1745 3569 1971 3650; x_wconf 77' lang='lat' dir='ltr'>vineae,</span> <span class='ocrx_word' id='word_1_211' title='bbox 2018 3569 2327 3638; x_wconf 83' lang='lat' dir='ltr'>videlicet</span> <span class='ocrx_word' id='word_1_212' title='bbox 2370 3569 2419 3636; x_wconf 79' lang='lat' dir='ltr'><strong>J</strong></span> <span class='ocrx_word' id='word_1_213' title='bbox 2422 3593 2601 3636; x_wconf 89' lang='lat' dir='ltr'>esum</span> <span class='ocrx_word' id='word_1_214' title='bbox 2652 3571 3001 3652; x_wconf 82' lang='lat' dir='ltr'>Christum,</span> <span class='ocrx_word' id='word_1_215' title='bbox 3048 3593 3191 3638; x_wconf 88' lang='lat' dir='ltr'>reus</span> 
     </span>
     <span class='ocr_line' id='line_1_37' title="bbox 1103 3675 3187 3762; baseline 0.002 -24"><span class='ocrx_word' id='word_1_216' title='bbox 1103 3675 1244 3754; x_wconf 88' lang='lat' dir='ltr'>erit,</span> <span class='ocrx_word' id='word_1_217' title='bbox 1295 3675 1350 3742; x_wconf 91' lang='lat' dir='ltr'>si</span> <span class='ocrx_word' id='word_1_218' title='bbox 1393 3675 1712 3762; x_wconf 73' lang='lat' dir='ltr'>praedicta</span> <span class='ocrx_word' id='word_1_219' title='bbox 1757 3697 1892 3740; x_wconf 87' lang='lat' dir='ltr'>non</span> <span class='ocrx_word' id='word_1_220' title='bbox 1935 3675 2179 3740; x_wconf 84' lang='lat' dir='ltr'>fecerit.</span> <span class='ocrx_word' id='word_1_221' title='bbox 2274 3675 2505 3742; x_wconf 84' lang='lat' dir='ltr'>Cultor</span> <span class='ocrx_word' id='word_1_222' title='bbox 2548 3675 2763 3742; x_wconf 74' lang='lat' dir='ltr'>vineae</span> <span class='ocrx_word' id='word_1_223' title='bbox 2812 3681 2913 3740; x_wconf 90' lang='lat' dir='ltr'>est</span> <span class='ocrx_word' id='word_1_224' title='bbox 2958 3675 3187 3762; x_wconf 89' lang='lat' dir='ltr'>episco-</span> 
     </span>
     <span class='ocr_line' id='line_1_38' title="bbox 1101 3777 3187 3866; baseline 0 -24"><span class='ocrx_word' id='word_1_225' title='bbox 1101 3799 1238 3866; x_wconf 91' lang='lat' dir='ltr'>pus.</span> <span class='ocrx_word' id='word_1_226' title='bbox 1331 3777 1658 3864; x_wconf 89' lang='lat' dir='ltr'>Nunquid</span> <span class='ocrx_word' id='word_1_227' title='bbox 1701 3781 1858 3864; x_wconf 85' lang='lat' dir='ltr'>quia</span> <span class='ocrx_word' id='word_1_228' title='bbox 1901 3777 2105 3846; x_wconf 86' lang='lat' dir='ltr'>habet</span> <span class='ocrx_word' id='word_1_229' title='bbox 2154 3779 2277 3846; x_wconf 88' lang='lat' dir='ltr'>sub</span> <span class='ocrx_word' id='word_1_230' title='bbox 2322 3801 2391 3844; x_wconf 88' lang='lat' dir='ltr'>se</span> <span class='ocrx_word' id='word_1_231' title='bbox 2436 3777 2783 3866; x_wconf 88' lang='lat' dir='ltr'>deputatos</span> <span class='ocrx_word' id='word_1_232' title='bbox 2828 3779 2901 3844; x_wconf 88' lang='lat' dir='ltr'>in</span> <span class='ocrx_word' id='word_1_233' title='bbox 2946 3779 3187 3846; x_wconf 87' lang='lat' dir='ltr'>colendi</span> 
     </span>
     <span class='ocr_line' id='line_1_39' title="bbox 1103 3881 3189 3972; baseline 0 -24"><span class='ocrx_word' id='word_1_234' title='bbox 1103 3881 1544 3948; x_wconf 80' lang='lat' dir='ltr'>ministerium</span> <span class='ocrx_word' id='word_1_235' title='bbox 1589 3883 1768 3968; x_wconf 88' lang='lat' dir='ltr'>coadj</span> <span class='ocrx_word' id='word_1_236' title='bbox 1779 3889 2013 3964; x_wconf 77' lang='lat' dir='ltr'>utoreS,</span> <span class='ocrx_word' id='word_1_237' title='bbox 2060 3905 2199 3948; x_wconf 88' lang='lat' dir='ltr'>non</span> <span class='ocrx_word' id='word_1_238' title='bbox 2242 3883 2489 3970; x_wconf 89' lang='lat' dir='ltr'>poterit</span> <span class='ocrx_word' id='word_1_239' title='bbox 2532 3905 2733 3948; x_wconf 88' lang='lat' dir='ltr'>manu</span> <span class='ocrx_word' id='word_1_240' title='bbox 2776 3885 3033 3972; x_wconf 86' lang='lat' dir='ltr'>propria</span> <span class='ocrx_word' id='word_1_241' title='bbox 3074 3889 3189 3948; x_wconf 88' lang='lat' dir='ltr'>aut</span> 
     </span>
     <span class='ocr_line' id='line_1_40' title="bbox 1103 3987 3189 4074; baseline 0.001 -24"><span class='ocrx_word' id='word_1_242' title='bbox 1103 4009 1364 4054; x_wconf 81' lang='lat' dir='ltr'>ramum</span> <span class='ocrx_word' id='word_1_243' title='bbox 1409 3987 1692 4074; x_wconf 88' lang='lat' dir='ltr'>aliquem</span> <span class='ocrx_word' id='word_1_244' title='bbox 1737 3987 2045 4052; x_wconf 88' lang='lat' dir='ltr'>inutilem</span> <span class='ocrx_word' id='word_1_245' title='bbox 2090 3987 2485 4068; x_wconf 86' lang='lat' dir='ltr'>abscindere,</span> <span class='ocrx_word' id='word_1_246' title='bbox 2532 3993 2651 4054; x_wconf 84' lang='lat' dir='ltr'>aut</span> <span class='ocrx_word' id='word_1_247' title='bbox 2696 3987 2929 4054; x_wconf 90' lang='lat' dir='ltr'>utilem</span> <span class='ocrx_word' id='word_1_248' title='bbox 2972 3987 3189 4054; x_wconf 88' lang='lat' dir='ltr'>fulcire</span> 
     </span>
     <span class='ocr_line' id='line_1_41' title="bbox 1105 4089 3189 4180; baseline 0.001 -24"><span class='ocrx_word' id='word_1_249' title='bbox 1105 4095 1174 4156; x_wconf 86' lang='lat' dir='ltr'>et</span> <span class='ocrx_word' id='word_1_250' title='bbox 1247 4089 1630 4156; x_wconf 87' lang='lat' dir='ltr'>fulcimento</span> <span class='ocrx_word' id='word_1_251' title='bbox 1691 4089 1979 4176; x_wconf 82' lang='lat' dir='ltr'>alligare,</span> <span class='ocrx_word' id='word_1_252' title='bbox 2044 4095 2163 4156; x_wconf 84' lang='lat' dir='ltr'>aut</span> <span class='ocrx_word' id='word_1_253' title='bbox 2250 4091 2505 4180; x_wconf 87' lang='lat' dir='ltr'>spinam</span> <span class='ocrx_word' id='word_1_254' title='bbox 2578 4095 2699 4158; x_wconf 86' lang='lat' dir='ltr'>aut</span> <span class='ocrx_word' id='word_1_255' title='bbox 2772 4091 3189 4180; x_wconf 87' lang='lat' dir='ltr'>perniciosam</span> 
     </span>
     <span class='ocr_line' id='line_1_42' title="bbox 1103 4193 3189 4282; baseline 0.001 -24"><span class='ocrx_word' id='word_1_256' title='bbox 1103 4193 1374 4260; x_wconf 87' lang='lat' dir='ltr'>herbam</span> <span class='ocrx_word' id='word_1_257' title='bbox 1449 4193 1740 4274; x_wconf 86' lang='lat' dir='ltr'>evellere,</span> <span class='ocrx_word' id='word_1_258' title='bbox 1817 4199 1936 4260; x_wconf 85' lang='lat' dir='ltr'>aut</span> <span class='ocrx_word' id='word_1_259' title='bbox 2010 4193 2181 4260; x_wconf 85' lang='lat' dir='ltr'>circa</span> <span class='ocrx_word' id='word_1_260' title='bbox 2254 4195 2541 4262; x_wconf 88' lang='lat' dir='ltr'>radicem</span> <span class='ocrx_word' id='word_1_261' title='bbox 2614 4197 2899 4282; x_wconf 86' lang='lat' dir='ltr'>aliquam</span> <span class='ocrx_word' id='word_1_262' title='bbox 2970 4197 3189 4262; x_wconf 83' lang='lat' dir='ltr'>fimum</span> 
     </span>
     <span class='ocr_line' id='line_1_43' title="bbox 1107 4299 3187 4386; baseline 0 -22"><span class='ocrx_word' id='word_1_263' title='bbox 1107 4321 1448 4386; x_wconf 85' lang='lat' dir='ltr'>apponere,</span> <span class='ocrx_word' id='word_1_264' title='bbox 1481 4305 1600 4364; x_wconf 88' lang='lat' dir='ltr'>aut</span> <span class='ocrx_word' id='word_1_265' title='bbox 1649 4299 1910 4364; x_wconf 88' lang='lat' dir='ltr'>botrum</span> <span class='ocrx_word' id='word_1_266' title='bbox 1952 4321 1995 4362; x_wconf 87' lang='lat' dir='ltr'>a</span> <span class='ocrx_word' id='word_1_267' title='bbox 2052 4303 2229 4362; x_wconf 87' lang='lat' dir='ltr'>terra</span> <span class='ocrx_word' id='word_1_268' title='bbox 2294 4321 2379 4364; x_wconf 86' lang='lat' dir='ltr'>ne</span> <span class='ocrx_word' id='word_1_269' title='bbox 2442 4305 2777 4386; x_wconf 83' lang='lat' dir='ltr'>putrescat</span> <span class='ocrx_word' id='word_1_270' title='bbox 2838 4299 3187 4378; x_wconf 86' lang='lat' dir='ltr'>sublevare,</span> 
     </span>
     <span class='ocr_line' id='line_1_44' title="bbox 1111 4401 3191 4488; baseline -0.002 -20"><span class='ocrx_word' id='word_1_271' title='bbox 1111 4401 1218 4468; x_wconf 89' lang='lat' dir='ltr'>vel</span> <span class='ocrx_word' id='word_1_272' title='bbox 1251 4401 1598 4488; x_wconf 88' lang='lat' dir='ltr'>quicquam</span> <span class='ocrx_word' id='word_1_273' title='bbox 1629 4401 2005 4488; x_wconf 86' lang='lat' dir='ltr'>hujusmodi</span> <span class='ocrx_word' id='word_1_274' title='bbox 2036 4401 2123 4466; x_wconf 81' lang='lat' dir='ltr'>ad</span> <span class='ocrx_word' id='word_1_275' title='bbox 2154 4401 2675 4468; x_wconf 83' lang='lat' dir='ltr'>emendationem</span> <span class='ocrx_word' id='word_1_276' title='bbox 2706 4401 2915 4468; x_wconf 81' lang='lat' dir='ltr'>vineae</span> <span class='ocrx_word' id='word_1_277' title='bbox 2944 4401 3191 4468; x_wconf 67' lang='lat' dir='ltr'>facere?</span> 
     </span>
    </p>
   </div>
   <div class='ocr_carea' id='block_1_11' title="bbox 1175 4659 3039 4812">
    <p class='ocr_par' dir='ltr' id='par_1_12' title="bbox 1175 4659 3039 4812">
     <span class='ocr_line' id='line_1_45' title="bbox 1179 4659 3039 4732; baseline -0.003 -16"><span class='ocrx_word' id='word_1_278' title='bbox 1179 4665 1194 4696; x_wconf 77' lang='lat'><strong>¹</strong></span> <span class='ocrx_word' id='word_1_279' title='bbox 1227 4665 1496 4732; x_wconf 73' lang='lat' dir='ltr'>stertentes]</span> <span class='ocrx_word' id='word_1_280' title='bbox 1537 4665 1802 4728; x_wconf 54' lang='lat' dir='ltr'>studentes</span> <span class='ocrx_word' id='word_1_281' title='bbox 1825 4665 1969 4716; x_wconf 80' lang='lat' dir='ltr'>Trin.</span> <span class='ocrx_word' id='word_1_282' title='bbox 2274 4665 2295 4692; x_wconf 76' lang='lat'><em>³</em></span> <span class='ocrx_word' id='word_1_283' title='bbox 2322 4661 2591 4728; x_wconf 79' lang='lat' dir='ltr'>speculari]</span> <span class='ocrx_word' id='word_1_284' title='bbox 2630 4659 2839 4724; x_wconf 81' lang='lat' dir='ltr'>visitari,</span> <span class='ocrx_word' id='word_1_285' title='bbox 2862 4661 3039 4712; x_wconf 84' lang='lat' dir='ltr'><strong>C.C.C.</strong></span> 
     </span>
     <span class='ocr_line' id='line_1_46' title="bbox 1175 4739 2835 4812; baseline -0.005 -14"><span class='ocrx_word' id='word_1_286' title='bbox 1175 4749 1196 4778; x_wconf 81' lang='lat'><em>²</em></span> <span class='ocrx_word' id='word_1_287' title='bbox 1225 4749 1278 4798; x_wconf 82' lang='lat' dir='ltr'>in</span> <span class='ocrx_word' id='word_1_288' title='bbox 1313 4785 1324 4798; x_wconf 93' lang='lat'><strong><em>.</em></strong></span> <span class='ocrx_word' id='word_1_289' title='bbox 1363 4783 1376 4796; x_wconf 90' lang='lat'><em>.</em></span> <span class='ocrx_word' id='word_1_290' title='bbox 1413 4783 1424 4796; x_wconf 89' lang='lat'><strong>.</strong></span> <span class='ocrx_word' id='word_1_291' title='bbox 1459 4743 1796 4812; x_wconf 74' lang='lat' dir='ltr'>inferioribus]</span> <span class='ocrx_word' id='word_1_292' title='bbox 1835 4761 1932 4796; x_wconf 88' lang='lat' dir='ltr'>om.</span> <span class='ocrx_word' id='word_1_293' title='bbox 1958 4745 2099 4794; x_wconf 88' lang='lat' dir='ltr'>Trin.</span> <span class='ocrx_word' id='word_1_294' title='bbox 2270 4745 2291 4776; x_wconf 81' lang='lat'><strong>⁴</strong></span> <span class='ocrx_word' id='word_1_295' title='bbox 2322 4741 2499 4808; x_wconf 66' lang='lat' dir='ltr'>officii]</span> <span class='ocrx_word' id='word_1_296' title='bbox 2536 4755 2633 4790; x_wconf 82' lang='lat' dir='ltr'>om.</span> <span class='ocrx_word' id='word_1_297' title='bbox 2656 4739 2835 4792; x_wconf 83' lang='lat' dir='ltr'>0.0.c.</span> 
     </span>
    </p>
   </div>
  </div>
 </body>
</html>
