3875 5734
1593 825 1953 876 EPISTOLAE.
1998 807 2011 826 ¹
2698 813 2829 878 343

731 1005 790 1068 et
847 997 1102 1066 «stridor
1153 997 1484 1068 dentium.
1579 999 1708 1068 His
1767 1001 1999 1088 itaque
2040 1001 2165 1068 hae
2222 1003 2369 1068 luce
2428 1001 2825 1080 clariofibuS,

733 1109 800 1170 et
871 1125 954 1170 ex
1039 1105 1370 1170 sententia
1463 1101 1828 1172 Salvatoris
1919 1103 2275 1170 certissime
2352 1105 2827 1182 constantibUS,

737 1207 1054 1296 quomodo
1129 1213 1354 1296 potest
1427 1211 1652 1274 vestra
1727 1209 2193 1294 circumspecta
2260 1209 2601 1292 sapientia,
2678 1229 2827 1296 pro-

731 1311 1010 1400 priaeque
1077 1311 1310 1376 salutis
1385 1311 1686 1398 proprius
1759 1333 1957 1390 amor,
2034 1309 2349 1376 terribilis
2424 1333 2683 1398 quoque
2758 1317 2827 1378 et

731 1539 876 1606 quae
919 1517 1322 1584 intendimus
1369 1517 1684 1584 suadere?
1731 1515 1967 1584 Certus
2014 1537 2159 1580 sum
2214 1517 2481 1582 omnino
2542 1517 2719 1602 quod
2768 1517 2827 1582 si

731 1621 1078 1708 vigilanter
1135 1625 1288 1686 actu
1341 1621 1772 1698 consider-etio,
1831 1621 2095 1686 omnino
2140 1641 2259 1686 vos
2306 1619 2715 1710 compellent,
2758 1625 2827 1686 et

735 1725 948 1790 omnia
1025 1725 1388 1790 retinacula
1451 1725 1638 1792 velut
1697 1727 2005 1812 stuppam
2064 1729 2185 1788 aut
2244 1743 2631 1788 aranearum
2714 1723 2829 1790 fila.

733 1827 1052 1894 diriment.
1117 1827 1380 1894 Possem
1409 1851 1664 1914 quoque
1695 1833 1764 1892 et
1793 1827 1922 1892 alia
1956 1829 2349 1914 quamplura
2376 1827 2641 1892 omnino
2670 1827 2827 1892 irre-

731 1929 1070 2018 fragabilia
1099 1931 1178 1998 de
1213 1929 1556 2018 Scriptura
1597 1953 1778 1996 sacra
1823 1935 1892 1998 et
1935 1931 2017 1996 de
2060 1931 2473 2020 philosophia
2514 1931 2601 1996 ad
2646 1931 2825 1998 idem

731 2033 1134 2100 suadendum
1177 2035 1454 2116 afferre3
1499 2035 1614 2100 sed
1657 2035 1748 2100 ad
1793 2037 2091 2100 vestrum
2142 2037 2527 2120 praeclarum
2572 2037 2825 2124 ingeni-

731 2163 842 2204 um
887 2137 1124 2202 sufficit
1157 2137 1278 2202 hoc
1313 2159 1520 2202 unum
1561 2139 1740 2224 quod
1775 2137 2007 2218 scribO,
2040 2159 2181 2202 non
2220 2137 2307 2202 ad
2342 2139 2819 2216 instruendum,

731 2241 842 2308 sed
905 2241 988 2306 ad
1055 2241 1522 2306 flabellandum
1599 2245 1666 2306 et
1743 2239 2169 2306 excitandum
2242 2235 2433 2308 illum
2504 2265 2823 2328 magnum

731 2335 944 2434 ignem
989 2345 1104 2430 qui
1145 2345 1326 2410 intra
1367 2367 1490 2412 vos
1521 2343 1864 2424 clauditur,
1905 2349 1989 2410 ut
2022 2349 2325 2432 erumpat
2360 2347 2437 2410 in
2470 2345 2819 2428 flammam,

733 2455 798 2514 et
863 2449 1070 2514 luceat
1135 2447 1454 2514 omnibus
1519 2447 1644 2536 qui
1711 2447 1798 2514 in
1865 2447 2065 2514 domo
2118 2455 2279 2514 eum
2348 2453 2417 2514 et
2484 2449 2823 2514 calefaciat
2850 2451 2901 2502 S.
2924 2451 3069 2506 Matt.

735 2555 1024 2620 eosdem:
1083 2553 1272 2616 novit
1325 2553 1498 2618 enim
1553 2553 1704 2640 Ipse
1757 2555 2087 2616 scrutator
2118 2553 2429 2632 cordium,
2482 2553 2655 2640 quod
2702 2575 2823 2640 ego
2844 2535 2895 2568 v.
2924 2525 2999 2570 ¹⁵⁰

731 2663 800 2724 et
855 2657 1202 2744 praedictus
1247 2655 1450 2720 frater
1501 2655 1584 2720 de
1641 2657 1864 2722 vestra
1925 2655 2151 2736 salute,
2214 2661 2283 2722 et
2328 2661 2551 2722 vestra
2600 2659 2819 2736 etiam,

733 2783 876 2826 cum
935 2761 1064 2826 Dei
1131 2759 1556 2844 beneplacitO,
1621 2759 2045 2846 promotione,
2092 2757 2241 2846 plus
2304 2781 2525 2824 sumus
2586 2761 2823 2826 soliciti

733 2887 924 2952 quam
967 2863 1046 2930 de
1093 2863 1366 2950 alicujus
1409 2865 1622 2930 clerici
1665 2865 1742 2928 in
1783 2863 1904 2928 hac
1950 2865 2097 2928 vita
2136 2863 2439 2950 degentis
2474 2863 2547 2928 in
2586 2863 2825 2928 habitu

735 2967 1014 3034 seculari.
1105 2967 1356 3034 Valete.

1655 3261 1898 3328 CXXI.

733 3423 1066 3504 Robertusg
1113 3423 1246 3488 Deil
1299 3421 1536 3508 ,qratia
1579 3421 2091 3488 Lineol‘nieozeis
2142 3419 2531 3508 Epieeopm,
2568 3421 2829 3488 dileetio
2936 3431 3075 3478 1246.

901 3525 986 3590 ‘in
1065 3525 1326 3594 0719νὶ3ίο
1367 3525 1556 3610 filiis
1607 3525 1688 3590 H
1683 3525 1908 3590 enrico
1927 3543 1961 3574 a
2032 3525 2301 3590 Decem-o
2376 3533 2441 3590 et
2528 3525 2827 3612 capitulo
2850 3549 2873 3574 ³
2894 3539 3071 3616 Hem-y
3094 3543 3157 3592 de

905 3627 1308 3708 Mammiae,
1355 3629 1654 3706 salutem,
1701 3627 2019 3714 matiam,
2068 3633 2129 3694 et
2172 3627 2695 3694 benedictionem
2850 3607 3117 3658 Lexmton.
3154 3645 3157 3648 ’

821 3801 1148 3866 Accedens
1209 3801 1288 3866 ad
1353 3821 1474 3864 nos
1525 3801 1802 3866 dilectus
1851 3801 2025 3866 fflius
2070 3801 2383 3888 magister
2444 3799 2771 3866 Robertus
2790 3797 2825 3846 b
2848 3807 3159 3886 Reasonsfpr

735 3909 1088 3990 praecentor
1139 3905 1422 3972 ecclesiae
1477 3903 1969 3984 Lincolniensis,
2010 3903 2201 3968 nobis
2246 3925 2333 3970 ex
2366 3907 2557 3990 parte
2602 3907 2825 3968 vestra
2846 3875 3157 3992 ᾗζὴζξὲξξῃ

735 4005 918 4086 dixit,
979 4029 1098 4072 vos
1155 4007 1468 4072 admirari
1511 4009 1692 4094 quod
1733 4029 1882 4072 cum
1927 4009 2001 4072 in
2040 4007 2329 4092 capitulo
2382 4005 2825 4072 Lineolniensi
2848 4011 2909 4060 of
2922 4011 3007 4090 phe
3028 4009 3151 4060 visi-

737 4109 1086 4176 dixerimus
1149 4133 1268 4176 nos
1331 4113 1502 4176 velle
1571 4113 1856 4198 incipere
1915 4111 2367 4176 visitationem
2436 4133 2475 4176 a
2538 4111 2823 4196 capitulo
2844 4077 3087 4194 {aitgffilgf

737 4209 1190 4294 Lincolniensi,
1259 4219 1328 4278 et
1393 4215 1486 4278 sie
1547 4215 1634 4278 ad
1691 4215 1983 4278 membra
2056 4213 2387 4278 visitanda
2460 4213 2819 4300 procedere,
2844 4213 3055 4262 diocese.

735 4335 1068 4382 econverso
1089 4317 1232 4402 jam
1273 4317 1484 4382 facere
1523 4317 1908 4404 deponimus
1940 4341 1953 4380 :
2000 4315 2087 4380 ad
2126 4315 2305 4400 quod
2336 4315 2817 4404 respondemus,
2844 4335 2867 4368 b
2890 4333 3077 4384 Robert
3096 4335 3159 4384 de

733 4419 902 4506 quod
925 4419 946 4458 ¹
1023 4425 1378 4506 antequam
1467 4421 1766 4486 venimus
1871 4419 2273 4484 Lincolniam
2370 4419 2823 4508 proposuimus
2844 4401 3077 4452 Bedford.

1481 4727 1496 4756 ¹
1529 4725 1682 4792 quod]
1721 4743 1820 4778 om.
1849 4725 2025 4778 C.G.C.
