3875 5734
757 1203 778 1250 1
803 1197 914 1252 Cor.
933 1199 1044 1256 xiii.

755 2063 836 2114 He
857 2063 950 2114 has

755 2133 884 2184 been
899 2131 1032 2182 cited

755 2199 926 2252 before
943 2199 1028 2250 the

755 2269 920 2334 king's

755 2343 898 2388 court
911 2343 964 2388 to

753 2421 948 2458 answer
967 2405 1048 2456 for

753 2475 832 2526 his
853 2489 974 2526 con-

753 2545 872 2596 duct
893 2559 968 2592 re-

755 2611 984 2676 specting

753 2681 838 2730 the
859 2679 956 2730 law
985 2679 1048 2730 of

755 2747 1004 2814 bastardy.

755 3201 998 3264 Requests

755 3267 840 3318 the
863 3267 1004 3318 arch-

755 3333 978 3400 bishop’s

757 3405 932 3454 advice

755 3473 916 3522 under
935 3469 1022 3520 tho

757 3539 968 3588 circum-

757 3617 964 3660 stanccs.

755 4041 886 4092 ch.
909 4055 960 4092 Χ.
983 4045 1064 4092 31.

1083 783 1210 846 104«
1727 799 2021 848 ROBERTI
2066 795 2523 848 onossn'rns‘rn

1177 983 1502 1052 Caeterum
1553 981 1708 1050 licet
1769 983 2115 1074 prolixitas
2176 985 2433 1074 paginae
2498 981 2769 1050 taediosa
2834 985 2919 1052 sit
2966 987 3153 1054 nimi-

1085 1113 1234 1158 rum
1263 1095 1500 1158 vestrae
1529 1113 1786 1180 magnae
1817 1089 2241 1180 occupationi,
2290 1089 2551 1178 quando
2578 1089 2597 1126 ¹
2646 1095 2871 1158 tamen
2900 1115 3031 1158 non
3060 1101 3153 1162 est

1083 1197 1360 1264 molesta
1425 1201 1662 1266 vestrae
1735 1221 1995 1286 magnae
2082 1197 2361 1278 caritati,
2430 1219 2579 1262 cum
2654 1195 2889 1260 caritas
2946 1199 3155 1266 omnia

1083 1305 1338 1384 toleret,
1411 1303 1945 1370 commoditatem
2010 1301 2385 1368 necessariae
2450 1299 2945 1368 consultationis
3002 1325 3155 1392 prae-

1085 1431 1332 1500 ponens
1397 1407 1712 1476 vitationi
1729 1409 1754 1446 ⁶-’
1817 1407 2241 1498 prolixitatiS,
2292 1411 2533 1474 vestrae
2598 1407 2807 1474 adhuc
2874 1407 3153 1496 significo

1089 1515 1496 1606 paternitati,
1575 1515 1730 1602 quia
1801 1515 2107 1580 dominus
2180 1535 2299 1580 rex
2388 1519 2457 1580 et
2544 1535 2737 1580 suum
2806 1511 3155 1580 Concilium

1091 1621 1324 1688 volunt
1367 1643 1472 1686 me
1517 1619 1914 1708 compellere,
1944 1623 2025 1686 ut
2070 1641 2217 1686 cum
2246 1619 2319 1686 in
2364 1617 2541 1686 curia
2586 1617 2755 1708 regis
2784 1619 3157 1708 proponitur

1089 1733 1316 1794 contra
1361 1727 1646 1812 aliquem
1689 1725 1772 1790 de
1817 1723 2079 1790 dioecesi
2120 1749 2267 1790 mea
2310 1725 2607 1812 exceptio
2666 1725 3027 1804 bastardiae,
3086 1745 3153 1790 eo

1091 1833 1266 1918 quod
1307 1835 1506 1896 natus
1549 1829 1678 1896 fuit
1721 1833 1876 1896 ante
1921 1829 2415 1896 matrimonium
2466 1829 2823 1896 solenniter
2880 1833 3153 1896 contrac-

1091 1941 1240 2002 tum
1283 1935 1458 2004 inter
1521 1939 1820 2024 parentes
1877 1933 2031 2022 ejuS,
2080 1955 2197 2024 ego
2244 1935 2327 2000 ad
2372 1935 2761 2000 mandatum
2802 1935 3047 2022 regium
3090 1935 3155 1998 in

1089 2039 1228 2106 foro
1301 2039 1732 2106 ecclesiastico
1803 2037 2153 2126 inquiram,
2230 2063 2317 2106 an
2390 2037 2447 2104 is
2524 2043 2751 2106 contra
2822 2061 3011 2126 quem
3072 2039 3155 2106 sic

1089 2145 1418 2232 excipitur
1487 2147 1686 2210 natus
1759 2143 1961 2210 fuerit
2002 2145 2193 2210 ‘ante
2258 2143 2755 2210 matrimonium
2816 2143 3155 2222 solenniter

1089 2253 1512 2330 contractum,
1559 2247 1670 2314 vel
1733 2253 1920 2336 post3
1984 2254 2051 2316 et
2100 2249 2277 2336 quod
2318 2247 2667 2316 rescribam
2716 2247 2973 2316 domino
3026 2249 3157 2336 regi

1087 2355 1208 2420 sub
1253 2355 1378 2420 tali
1419 2353 1646 2436 forma,
1691 2355 2019 2436 videlicet,
2066 2355 2245 2442 quod
2288 2361 2487 2420 natus
2538 2353 2669 2420 fuit
2730 2359 2883 2420 ante
2942 2353 3153 2420 matri·

1085 2461 1382 2526 monium
1457 2459 1814 2528 solenniter
1877 2465 2303 2540 contractum,
2366 2461 2475 2526 vel
2540 2459 2715 2546 quod
2778 2459 2907 2526 fuit
2972 2465 3153 2526 natus

1085 2571 1236 2652 post
1311 2565 1806 2632 matrimonium
1883 2563 2235 2630 solenniter
2308 2569 2735 2630 contractum.
2854 2565 2941 2628 Et
3012 2565 3155 2652 quia

1085 2669 1416 2758 supersedi
1461 2671 1546 2736 ad
1589 2669 1977 2734 mandatum
2022 2667 2277 2756 regium
2318 2667 2443 2734 sub
2490 2669 2613 2734 tali
2676 2667 2883 2734 forma
2946 2669 3153 2734 rescri-

1085 2775 1256 2854 bere,
1303 2775 1548 2842 citatus
1591 2795 1734 2838 sum
1781 2779 1862 2840 ut
1907 2793 2311 2862 compaream
2356 2773 2427 2840 in
2472 2773 2655 2838 curia
2698 2773 2943 2838 domini
2998 2773 3155 2862 regis

1087 2901 1280 2968 super
1351 2879 1474 2946 hoc
1547 2899 1987 2966 responsurus.
2096 2877 2345 2944 Dicunt
2422 2877 2623 2944 etiam
2696 2877 2991 2944 dominus
3044 2899 3157 2944 rex

1089 2987 1160 3048 et
1205 2985 1550 3050 concilium
1609 3005 1802 3048 suum
1847 2983 2025 3070 quod
2066 3005 2201 3064 vos,
2252 3003 2399 3048 cum
2458 2983 2789 3072 episcopia
2856 2987 2923 3048 et
2974 2983 3153 3048 comi-

1087 3089 1286 3168 tibus,
1365 3093 1434 3154 et
1507 3087 1862 3156 baronibus
1933 3087 2209 3174 Angliae,
2286 3087 2361 3152 in
2436 3087 2809 3176 praedictam
2894 3087 3153 3154 formam

1089 3191 1538 3278 inquisitionis
1625 3195 1690 3256 et
1781 3189 2223 3278 rescriptionis
2314 3191 2741 3258 consensistis
2862 3189 3155 3280 Supplico

1087 3295 1296 3384 igitur
1339 3295 1664 3364 attentius
1705 3301 1947 3362 vestrae
1992 3297 2381 3384 paternitati
2426 3301 2751 3384 quatenus
2790 3317 2907 3384 per
2946 3297 3155 3362 literas

1087 3405 1340 3468 vestras
1405 3423 1510 3466 me
1575 3401 1930 3466 certificare
1982 3401 2307 3488 dignetur,
2374 3405 2601 3468 utrum
2662 3401 2733 3466 in
2792 3399 3153 3486 praedictam

1089 3505 1366 3572 formam
1439 3505 1884 3594 inquisitionis
1960 3509 2027 3570 et
2100 3507 2559 3592 rescriptioniS,
2624 3505 3153 3592 quemadmodum

1089 3609 1322 3676 dicunt
1367 3609 1670 3676 dominus
1733 3631 1850 3674 rex
1919 3611 1987 3676 et
2046 3609 2391 3676 concilium
2456 3633 2667 3690 suum,
2714 3609 3155 3690 consensistis3

1091 3719 1160 3780 et
1233 3715 1292 3780 si
1363 3715 1436 3780 in
1509 3715 1953 3804 praescriptam
2016 3715 2295 3780 formam
2354 3715 2787 3794 consensistiS,
2848 3715 3155 3782 instanter

1089 3823 1242 3906 peto
1301 3825 1538 3888 vestrae
1613 3819 2035 3906 paternitatis
2094 3819 2435 3884 consilium
2496 3819 2657 3906 quid
2712 3819 2787 3884 in
2842 3819 2961 3886 hoc
3016 3843 3157 3886 casu

1091 3923 1256 3990 mihi
1329 3927 1418 3990 sit
1491 3921 1712 4014 potius
1781 3923 2121 4012 agendum.
2210 3925 2285 3990 Si
2352 3925 2529 3990 enim
2598 3925 2947 3990 secundum
3004 3949 3157 4012 prae-

1089 4029 1400 4118 scriptam
1443 4029 1720 4096 formam
1753 4029 2015 4094 domino
2058 4029 2201 4116 regi
2244 4029 2615 4110 rescribam,
2646 4029 2841 4096 timeo
2872 4029 3157 4096 incidere

1087 4131 1176 4200 ’ἱπ
1209 4155 1464 4200 manus
1493 4131 1626 4200 Dei
1655 4131 1947 4200 vive-ntis
1964 4157 1991 4212 ,·
2040 4133 2283 4198 sivero
2328 4135 2685 4198 secundum
2730 4133 3155 4222 praescriptam

1087 4239 1364 4304 formam
1409 4239 1720 4324 denegem
1765 4259 1868 4302 me
1915 4239 2403 4326 rescripturum,
2448 4237 2637 4302 vobis
2700 4237 2773 4302 in
2838 4239 3157 4326 praescrip-

1091 4349 1230 4410 tam
1275 4347 1554 4410 formam
1613 4345 2187 4426 consentientibUS,
2256 4345 2535 4412 difficilis
2602 4347 2869 4412 videtur
2930 4347 3153 4424 evasi0‚

1091 4449 1254 4536 quin
1297 4449 1582 4518 incidam
1627 4449 1700 4512 in
1745 4473 1979 4514 manus
2024 4449 2379 4516 hominum.
2472 4449 2623 4516 Nisi
2684 4451 2889 4540 igitur
2930 4457 3153 4518 vestrae

1159 4865 1172 4894 ¹
1211 4863 1428 4932 quando]
1473 4865 1602 4930 quia,
1631 4865 1728 4914 Ox.
2118 4869 2127 4930 Ι
2238 4867 2257 4896 2
2292 4867 2537 4932 vitationz']
2578 4869 2883 4930 vitationem,
2908 4863 3077 4916 G.C.c.
