3875 5734
1613 783 1971 834 EPISTOLAE.
2714 771 2845 844 157

767 963 850 1032 Et
921 963 1088 1050 quia,
1165 967 1248 1030 ut
1313 965 1702 1044 audivimus„
1781 961 2011 1030 etiam¹
2094 967 2359 1052 quidam
2418 967 2633 1034 adulti
2706 967 2845 1032 haec

761 1071 1066 1158 ignorant,
1133 1069 1544 1158 praecipimus
1621 1077 1700 1136 ut
1775 1093 1924 1134 cum
2000 1069 2149 1136 laici
2224 1071 2307 1134 ad
2382 1071 2841 1136 confessionem

763 1173 1082 1256 accedunt,
1143 1175 1492 1262 diligenter
1545 1175 2021 1254 examinentur,
2074 1179 2295 1240 utrum
2352 1175 2615 1240 scierint
2672 1197 2841 1260 prae-

763 1281 944 1358 dicta,
999 1285 1064 1344 et
1115 1279 1470 1346 secundum
1523 1281 1698 1368 quod
1753 1279 2025 1366 expedit
2072 1279 2145 1344 in
2198 1279 2289 1344 eis
2332 1303 2373 1344 a
2402 1281 2843 1346 sacerdotibus

765 1387 1174 1452 instruantur.
1295 1383 1388 1448 Et
1439 1383 1596 1470 quia
1655 1383 1886 1448 mundi
1950 1383 2193 1448 debent
2270 1405 2423 1464 esse,
2502 1383 2673 1448 sicut
2746 1383 2843 1448 ait

767 1487 1002 1568 EsaiaS,
1049 1489 1162 1576 qui
1209 1489 1430 1554 ferunt
1489 1511 1648 1554 vasa
1695 1489 1967 1554 Domini
1986 1487 2011 1524 ‘²
2080 1489 2459 1574 pollutaque
2510 1509 2647 1552 non
2694 1491 2843 1552 tan-

765 1617 920 1680 gere,
971 1593 1392 1658 exhortantes
1451 1593 1868 1680 praecipimus
1925 1597 2007 1658 ut
2066 1615 2289 1656 omnes
2346 1593 2717 1656 beneficiati
2776 1597 2845 1656 et

763 1699 922 1764 infra
973 1721 1182 1764 sacros
1217 1697 1476 1764 ordines
1527 1699 1876 1764 constituti
1921 1699 2163 1764 vitium
2212 1699 2493 1764 luxuriae
2556 1719 2843 1764 omnem-

761 1825 878 1890 que
935 1803 1370 1868 voluntariam
1435 1803 1646 1868 carnis
1715 1803 2207 1868 immunditiam
2280 1803 2555 1890 fugiant,
2636 1803 2843 1868 conti--

763 1907 1000 1974 nentiae
1031 1913 1364 1974 servantes
1413 1907 1814 1994 puritatem3
1879 1907 2225 1994 nullusque
2286 1929 2511 1974 eorum
2572 1931 2845 1974 uxorem

763 2013 948 2078 ducat
969 2011 1034 2092 ³3
1095 2017 1164 2078 et
1209 2013 1266 2076 si
1313 2013 1480 2098 quiS,
1529 2019 1884 2098 antequam
1915 2019 2085 2076 esset
2128 2013 2201 2076 in
2254 2013 2449 2078 sacris
2502 2013 2843 2078 ordinibus

761 2115 1156 2196 constitutus
1211 2139 1484 2182 uxorem
1547 2115 1826 2196 duxerit,
1889 2117 2277 2182 beneficium
2340 2117 2841 2184 ecclesiasticum

759 2241 886 2286 non
941 2223 1178 2298 teneat,
1243 2243 1454 2308 neque
1513 2221 1586 2286 in
1647 2223 1844 2288 sacris
1905 2221 2243 2288 ordinibus
2310 2221 2367 2286 si
2436 2245 2543 2286 eos
2620 2227 2845 2310 postea

763 2325 1082 2412 acceperit,
1145 2325 1516 2390 ministrare
1575 2331 1941 2412 praesumat.
2082 2325 2377 2414 Cumque
2436 2349 2571 2392 non
2632 2327 2841 2392 solum

763 2451 800 2492 a
845 2429 1012 2494 malo
1059 2429 1172 2494 sed
1217 2429 1300 2494 ab
1357 2429 1536 2494 omni
1583 2431 1790 2518 specie
1845 2429 2019 2494 mala
2070 2430 2529 2495 abstinendum
2580 2430 2685 2508 sit,
2744 2431 2843 2494 in—

759 2532 1046 2598 hibemus
1097 2533 1378 2598 firmiter
1419 2557 1504 2598 ne
1553 2533 1766 2598 clerici
1815 2535 1957 2598 sine
1986 2535 2367 2598 rationabili
2398 2541 2465 2598 et
2498 2533 2845 2598 manifesta

761 2659 944 2702 causa
1001 2639 1418 2724 frequentent
1479 2637 2079 2704 sanctimonialium
2138 2637 2535 2704 monasteria
2616 2641 2683 2702 et
2756 2661 2841 2702 ne

763 2741 1094 2828 quisquam
1123 2741 1418 2808 sacerdos
1463 2743 1746 2808 retineat
1791 2741 2133 2808 foeminam
2178 2743 2253 2808 in
2302 2743 2493 2808 domo
2544 2763 2661 2806 sua
2704 2741 2843 2808 sive

765 2851 1090 2932 cognatam
1143 2847 1280 2912 sive
1333 2847 1550 2924 aliam,
1583 2847 1758 2912 unde
1787 2847 1997 2934 possit
2024 2847 2505 2912 rationabiliter
2532 2847 2707 2910 mala
2760 2847 2841 2912 de

765 2949 896 3036 ipso
925 2951 1076 3016 oriri
1107 2951 1400 3040 suspicio,
1479 2951 1568 3016 Et
1599 2951 1754 3038 quia
1781 2951 1854 3014 in
1893 2949 2181 3016 Levitico
2214 2949 2377 3016 dicit
2404 2949 2727 3018 Dominus
2758 2953 2841 3016 ad

767 3055 1094 3134 Aaronem,
1143 3055 1412 3122 Vinum
1457 3061 1518 3120 et
1563 3077 1760 3120 omne
1805 3055 1989 3142 quod
2032 3053 2379 3120 inebriare
2416 3061 2647 3140 potest,
2694 3077 2841 3120 ‘non
2868 3067 3027 3120 Levit.
3050 3083 3101 3118 x.
3128 3073 3175 3118 9.

767 3155 954 3236 bibas,
1001 3165 1078 3224 tu
1125 3165 1184 3226 et
1211 3159 1368 3244 filii
1413 3159 1540 3238 tui,
1575 3159 1856 3246 quando
1883 3159 2187 3226 intrabis
2214 3159 2299 3224 in
2330 3159 2847 3226 tabernaculum

767 3261 1146 3340 testimonii,
1179 3285 1264 3328 ‘ne
1293 3261 1708 3328 moriamini
1731 3287 1760 3342 ;
1805 3285 1957 3326 cum
1988 3263 2211 3328 Aaron
2244 3267 2309 3328 et
2340 3263 2463 3326 filii
2508 3263 2613 3328 sui
2642 3285 2845 3328 sacer-

767 3363 938 3430 dotes
1013 3365 1250 3432 veteris
1323 3365 1486 3452 legis
1559 3369 1794 3454 gerant
1869 3371 2107 3452 typum
2176 3367 2585 3432 sacerdotum
2646 3367 2843 3452 hujus

769 3469 1074 3556 temporis
1139 3469 1370 3534 vinum
1431 3491 1692 3556 quoque
1741 3475 1808 3534 et
1859 3475 2093 3534 caetera
2148 3469 2547 3536 inebriantia
2604 3475 2841 3558 typum

767 3571 1100 3650 ebrietatis
1199 3573 1562 3638 sacerdotes
1637 3595 1892 3661 quoque
1970 3571 2083 3640 die
2150 3597 2229 3638 ac
2300 3579 2485 3640 nocte
2558 3573 2841 3638 debeant
2864 3591 3027 3644 Lavit.
3060 3589 3169 3646 viii.

765 3675 1028 3758 mystice
1077 3675 1164 3740 isa,
1205 3675 1638 3740 tabernaculo
1683 3699 1977 3756 mamere,
2040 3675 2447 3742 observantes
2506 3675 2843 3742 custod-ias
2868 3667 2949 3710 35·

765 3777 1044 3842 Domini
1085 3801 1172 3844 ‘ne
1217 3777 1628 3858 moriantur,
1677 3779 1846 3844 sicut
1905 3781 1977 3842 in
2038 3781 2265 3846 eodem
2310 3779 2479 3846 libro
2526 3779 2843 3866 scriptum

767 3885 898 3960 est3
941 3881 1214 3948 firmiter
1265 3881 1638 3946 inhibemus
1683 3903 1766 3948 ne
1829 3883 2145 3968 quiquam
2194 3881 2559 3948 beneficiati
2608 3879 2715 3946 vel
2772 3881 2847 3946 in

767 3985 950 4050 sacris
1009 3985 1346 4050 ordinibus
1405 3985 1772 4062 constituti,
1819 3987 1959 4050 sint
2008 3985 2243 4050 ebriosi
2290 4007 2405 4050 seu
2456 3985 2669 4070 gulosi
2730 3989 2849 4050 aut

765 4086 1060 4152 tabernas
1123 4093 1514 4168 exercenteS,
1577 4111 1662 4152 ne
1703 4093 1916 4152 morte
1978 4093 2239 4166 aetema,
2286 4089 2643 4152 secundum
2686 4087 2851 4172 legis

765 4191 1322 4258 comminationem
1337 4189 1382 4272 4,
1445 4191 1850 4272 moriantur3
1925 4191 2041 4256 sed
2102 4195 2257 4254 actu
2316 4191 2737 4258 abstinentiae
2782 4197 2853 4258 et

827 4565 842 4596 ¹
875 4563 1042 4632 etiam]
1079 4581 1178 4616 om.
1205 4563 1312 4618 sid,
1919 4561 1941 4590 ³
1972 4557 2145 4628 ducat]
2182 4575 2281 4610 om.
2306 4559 2427 4618 sid„
2452 4559 2633 4612 C.C.C.

1917 4641 1934 4668 ⁴
1970 4639 2397 4704 comminationem]
2408 4637 2837 4690 contumacionem

821 4731 844 4760 ²
865 4727 1080 4798 polluta]
1119 4725 1382 4794 pollutum,
1407 4721 1606 4782 C.C.C.‚
1631 4719 1730 4774 Ox.
1853 4719 1957 4776 sid.
