<?xml version="1.0" encoding="UTF-8"?>
<!DOCTYPE html PUBLIC "-//W3C//DTD XHTML 1.0 Transitional//EN"
    "http://www.w3.org/TR/xhtml1/DTD/xhtml1-transitional.dtd">
<html xmlns="http://www.w3.org/1999/xhtml" xml:lang="en" lang="en">
 <head>
  <title>
</title>
<meta http-equiv="Content-Type" content="text/html;charset=utf-8" />
  <meta name='ocr-system' content='tesseract 3.04.00' />
  <meta name='ocr-capabilities' content='ocr_page ocr_carea ocr_par ocr_line ocrx_word'/>
</head>
<body>
  <div class='ocr_page' id='page_1' title='image "./robertigrossete01luargoog_0317.png"; bbox 0 0 3875 5734; ppageno 0'>
   <div class='ocr_carea' id='block_1_1' title="bbox 1553 801 2815 876">
    <p class='ocr_par' dir='ltr' id='par_1_1' title="bbox 1553 801 2815 876">
     <span class='ocr_line' id='line_1_1' title="bbox 1553 801 2815 876; baseline 0.002 -26"><span class='ocrx_word' id='word_1_1' title='bbox 1553 801 1904 856; x_wconf 79' lang='lat' dir='ltr'><strong>EPISTOLAE.</strong></span> <span class='ocrx_word' id='word_1_2' title='bbox 2686 805 2815 876; x_wconf 78' lang='lat'><strong>177</strong></span> 
     </span>
    </p>
   </div>
   <div class='ocr_carea' id='block_1_2' title="bbox 725 975 3135 4500">
    <p class='ocr_par' dir='ltr' id='par_1_2' title="bbox 725 975 3135 3470">
     <span class='ocr_line' id='line_1_2' title="bbox 733 975 2813 1072; baseline 0.005 -28"><span class='ocrx_word' id='word_1_3' title='bbox 733 975 1036 1068; x_wconf 86' lang='lat' dir='ltr'><strong>judicant,</strong></span> <span class='ocrx_word' id='word_1_4' title='bbox 1083 977 1384 1046; x_wconf 86' lang='lat' dir='ltr'><strong>tenebras</strong></span> <span class='ocrx_word' id='word_1_5' title='bbox 1431 1003 1584 1048; x_wconf 84' lang='lat' dir='ltr'><strong>vero</strong></span> <span class='ocrx_word' id='word_1_6' title='bbox 1629 983 1926 1072; x_wconf 73' lang='lat' dir='ltr'><strong>corporis·</strong></span> <span class='ocrx_word' id='word_1_7' title='bbox 1958 987 2165 1072; x_wconf 83' lang='lat' dir='ltr'><strong>magis</strong></span> <span class='ocrx_word' id='word_1_8' title='bbox 2208 987 2551 1054; x_wconf 87' lang='lat' dir='ltr'><strong>convenire</strong></span> <span class='ocrx_word' id='word_1_9' title='bbox 2592 1011 2813 1056; x_wconf 76' lang='lat' dir='ltr'><strong>neces·</strong></span> 
     </span>
     <span class='ocr_line' id='line_1_3' title="bbox 743 1083 2811 1178; baseline 0.002 -26"><span class='ocrx_word' id='word_1_10' title='bbox 743 1083 1048 1152; x_wconf 72' lang='lat' dir='ltr'><strong>sitatibus.</strong></span> <span class='ocrx_word' id='word_1_11' title='bbox 1139 1083 1280 1152; x_wconf 82' lang='lat' dir='ltr'><strong>Nec</strong></span> <span class='ocrx_word' id='word_1_12' title='bbox 1325 1089 1544 1152; x_wconf 87' lang='lat' dir='ltr'><strong>tamen</strong></span> <span class='ocrx_word' id='word_1_13' title='bbox 1589 1089 1658 1152; x_wconf 91' lang='lat' dir='ltr'><strong>in</strong></span> <span class='ocrx_word' id='word_1_14' title='bbox 1703 1089 2071 1154; x_wconf 88' lang='lat' dir='ltr'><strong>reficiendis</strong></span> <span class='ocrx_word' id='word_1_15' title='bbox 2098 1091 2469 1176; x_wconf 83' lang='lat' dir='ltr'>corporibus</span> <span class='ocrx_word' id='word_1_16' title='bbox 2492 1095 2583 1166; x_wconf 56' lang='lat' dir='ltr'><strong>⁴et</strong></span> <span class='ocrx_word' id='word_1_17' title='bbox 2628 1115 2811 1178; x_wconf 87' lang='lat' dir='ltr'><strong>repa-</strong></span> 
     </span>
     <span class='ocr_line' id='line_1_4' title="bbox 739 1191 2807 1280; baseline 0.001 -22"><span class='ocrx_word' id='word_1_18' title='bbox 739 1191 948 1258; x_wconf 85' lang='lat' dir='ltr'><strong>randis</strong></span> <span class='ocrx_word' id='word_1_19' title='bbox 991 1215 1106 1278; x_wconf 88' lang='lat' dir='ltr'><strong>per</strong></span> <span class='ocrx_word' id='word_1_20' title='bbox 1149 1191 1438 1278; x_wconf 85' lang='lat' dir='ltr'><strong>quietem</strong></span> <span class='ocrx_word' id='word_1_21' title='bbox 1481 1191 1566 1258; x_wconf 86' lang='lat' dir='ltr'><strong>ad</strong></span> <span class='ocrx_word' id='word_1_22' title='bbox 1621 1191 1876 1280; x_wconf 84' lang='lat' dir='ltr'><strong>labores</strong></span> <span class='ocrx_word' id='word_1_23' title='bbox 1895 1191 1916 1230; x_wconf 79' lang='lat'>¹</span> <span class='ocrx_word' id='word_1_24' title='bbox 1964 1197 2139 1258; x_wconf 88' lang='lat' dir='ltr'><strong>totas</strong></span> <span class='ocrx_word' id='word_1_25' title='bbox 2202 1199 2423 1260; x_wconf 85' lang='lat' dir='ltr'><strong>noctes</strong></span> <span class='ocrx_word' id='word_1_26' title='bbox 2466 1199 2807 1280; x_wconf 85' lang='lat' dir='ltr'><strong>peragunt,</strong></span> 
     </span>
     <span class='ocr_line' id='line_1_5' title="bbox 737 1295 2809 1384; baseline -0.001 -19"><span class='ocrx_word' id='word_1_27' title='bbox 737 1299 842 1366; x_wconf 85' lang='lat' dir='ltr'><strong>sed</strong></span> <span class='ocrx_word' id='word_1_28' title='bbox 883 1297 1188 1384; x_wconf 87' lang='lat' dir='ltr'><strong>majorem</strong></span> <span class='ocrx_word' id='word_1_29' title='bbox 1233 1297 1442 1362; x_wconf 84' lang='lat' dir='ltr'><strong>noctis</strong></span> <span class='ocrx_word' id='word_1_30' title='bbox 1487 1299 1742 1384; x_wconf 86' lang='lat' dir='ltr'><strong>partem</strong></span> <span class='ocrx_word' id='word_1_31' title='bbox 1787 1295 1860 1360; x_wconf 89' lang='lat' dir='ltr'><strong>in</strong></span> <span class='ocrx_word' id='word_1_32' title='bbox 1903 1297 2097 1362; x_wconf 86' lang='lat' dir='ltr'><strong>sacris</strong></span> <span class='ocrx_word' id='word_1_33' title='bbox 2142 1295 2409 1380; x_wconf 79' lang='lat' dir='ltr'><strong>hymnis</strong></span> <span class='ocrx_word' id='word_1_34' title='bbox 2454 1299 2523 1362; x_wconf 88' lang='lat' dir='ltr'><strong>et</strong></span> <span class='ocrx_word' id='word_1_35' title='bbox 2564 1295 2809 1384; x_wconf 83' lang='lat' dir='ltr'><strong>vigiliis</strong></span> 
     </span>
     <span class='ocr_line' id='line_1_6' title="bbox 735 1401 2811 1482; baseline -0.003 -12"><span class='ocrx_word' id='word_1_36' title='bbox 735 1411 980 1470; x_wconf 87' lang='lat' dir='ltr'><strong>orantes</strong></span> <span class='ocrx_word' id='word_1_37' title='bbox 1023 1401 1384 1482; x_wconf 83' lang='lat' dir='ltr'><strong>deducunt3</strong></span> <span class='ocrx_word' id='word_1_38' title='bbox 1427 1401 1834 1466; x_wconf 87' lang='lat' dir='ltr'><strong>narrationes</strong></span> <span class='ocrx_word' id='word_1_39' title='bbox 1877 1406 2097 1466; x_wconf 87' lang='lat' dir='ltr'><strong>autem</strong></span> <span class='ocrx_word' id='word_1_40' title='bbox 2158 1403 2529 1466; x_wconf 83' lang='lat' dir='ltr'><strong>sanctorum</strong></span> <span class='ocrx_word' id='word_1_41' title='bbox 2574 1421 2811 1464; x_wconf 87' lang='lat' dir='ltr'><strong>sermo-</strong></span> 
     </span>
     <span class='ocr_line' id='line_1_7' title="bbox 733 1503 2809 1592; baseline -0.001 -20"><span class='ocrx_word' id='word_1_42' title='bbox 733 1529 884 1572; x_wconf 85' lang='lat' dir='ltr'><strong>num</strong></span> <span class='ocrx_word' id='word_1_43' title='bbox 975 1505 1146 1572; x_wconf 86' lang='lat' dir='ltr'><strong>fiunt</strong></span> <span class='ocrx_word' id='word_1_44' title='bbox 1233 1505 1392 1592; x_wconf 92' lang='lat' dir='ltr'><strong>ipsis</strong></span> <span class='ocrx_word' id='word_1_45' title='bbox 1463 1527 1610 1572; x_wconf 87' lang='lat' dir='ltr'><strong>cum</strong></span> <span class='ocrx_word' id='word_1_46' title='bbox 1709 1503 2217 1592; x_wconf 71' lang='lat' dir='ltr'><strong>cogitationibus</strong></span> <span class='ocrx_word' id='word_1_47' title='bbox 2306 1503 2377 1568; x_wconf 90' lang='lat' dir='ltr'><strong>in</strong></span> <span class='ocrx_word' id='word_1_48' title='bbox 2466 1503 2809 1590; x_wconf 84' lang='lat' dir='ltr'><strong>allegoriis,</strong></span> 
     </span>
     <span class='ocr_line' id='line_1_8' title="bbox 735 1607 2805 1698; baseline -0.003 -18"><span class='ocrx_word' id='word_1_49' title='bbox 735 1611 952 1680; x_wconf 88' lang='lat' dir='ltr'><strong>Omnis</strong></span> <span class='ocrx_word' id='word_1_50' title='bbox 995 1611 1164 1676; x_wconf 89' lang='lat' dir='ltr'><strong>enim</strong></span> <span class='ocrx_word' id='word_1_51' title='bbox 1211 1611 1534 1698; x_wconf 70' lang='lat' dir='ltr'><strong>legislatio</strong></span> <span class='ocrx_word' id='word_1_52' title='bbox 1583 1609 1844 1676; x_wconf 85' lang='lat' dir='ltr'><strong>videtur</strong></span> <span class='ocrx_word' id='word_1_53' title='bbox 1889 1609 1991 1676; x_wconf 86' lang='lat' dir='ltr'><strong>his</strong></span> <span class='ocrx_word' id='word_1_54' title='bbox 2036 1607 2197 1674; x_wconf 89' lang='lat' dir='ltr'><strong>viris</strong></span> <span class='ocrx_word' id='word_1_55' title='bbox 2240 1607 2511 1674; x_wconf 83' lang='lat' dir='ltr'><strong>animali</strong></span> <span class='ocrx_word' id='word_1_56' title='bbox 2556 1607 2805 1688; x_wconf 85' lang='lat' dir='ltr'><strong>similis,</strong></span> 
     </span>
     <span class='ocr_line' id='line_1_9' title="bbox 731 1713 2809 1800; baseline -0.003 -18"><span class='ocrx_word' id='word_1_57' title='bbox 731 1721 794 1782; x_wconf 88' lang='lat' dir='ltr'><strong>et</strong></span> <span class='ocrx_word' id='word_1_58' title='bbox 839 1715 1020 1800; x_wconf 83' lang='lat' dir='ltr'><strong>quasi</strong></span> <span class='ocrx_word' id='word_1_59' title='bbox 1037 1715 1062 1752; x_wconf 69' lang='lat'><strong>²</strong></span> <span class='ocrx_word' id='word_1_60' title='bbox 1105 1737 1334 1800; x_wconf 87' lang='lat' dir='ltr'><strong>corpus</strong></span> <span class='ocrx_word' id='word_1_61' title='bbox 1377 1713 1614 1780; x_wconf 87' lang='lat' dir='ltr'><strong>habere</strong></span> <span class='ocrx_word' id='word_1_62' title='bbox 1657 1713 1862 1780; x_wconf 86' lang='lat' dir='ltr'><strong>verba</strong></span> <span class='ocrx_word' id='word_1_63' title='bbox 1921 1713 2241 1794; x_wconf 75' lang='lat' dir='ltr'><strong>sonantia,</strong></span> <span class='ocrx_word' id='word_1_64' title='bbox 2290 1713 2477 1780; x_wconf 89' lang='lat' dir='ltr'><strong>velut</strong></span> <span class='ocrx_word' id='word_1_65' title='bbox 2520 1713 2809 1778; x_wconf 88' lang='lat' dir='ltr'><strong>animam</strong></span> 
     </span>
     <span class='ocr_line' id='line_1_10' title="bbox 731 1815 2807 1884; baseline 0 0"><span class='ocrx_word' id='word_1_66' title='bbox 731 1841 878 1884; x_wconf 89' lang='lat' dir='ltr'><strong>vero</strong></span> <span class='ocrx_word' id='word_1_67' title='bbox 963 1819 1034 1884; x_wconf 88' lang='lat' dir='ltr'><strong>in</strong></span> <span class='ocrx_word' id='word_1_68' title='bbox 1107 1817 1326 1884; x_wconf 83' lang='lat' dir='ltr'><strong>verbis</strong></span> <span class='ocrx_word' id='word_1_69' title='bbox 1415 1817 1798 1884; x_wconf 85' lang='lat' dir='ltr'><strong>sonantibus</strong></span> <span class='ocrx_word' id='word_1_70' title='bbox 1885 1817 2289 1884; x_wconf 78' lang='lat' dir='ltr'><strong>invisibilem</strong></span> <span class='ocrx_word' id='word_1_71' title='bbox 2376 1815 2807 1884; x_wconf 83' lang='lat' dir='ltr'><strong>intellectum.</strong></span> 
     </span>
     <span class='ocr_line' id='line_1_11' title="bbox 731 1921 2809 2008; baseline -0.001 -20"><span class='ocrx_word' id='word_1_72' title='bbox 731 1923 1020 1988; x_wconf 86' lang='lat' dir='ltr'><strong>Offerunt</strong></span> <span class='ocrx_word' id='word_1_73' title='bbox 1063 1923 1286 2008; x_wconf 87' lang='lat' dir='ltr'><strong>itaque</strong></span> <span class='ocrx_word' id='word_1_74' title='bbox 1339 1923 1412 1986; x_wconf 92' lang='lat' dir='ltr'><strong>in</strong></span> <span class='ocrx_word' id='word_1_75' title='bbox 1477 1921 1788 1986; x_wconf 85' lang='lat' dir='ltr'><strong>sacrificio</strong></span> <span class='ocrx_word' id='word_1_76' title='bbox 1851 1921 2071 1988; x_wconf 87' lang='lat' dir='ltr'><strong>laudis</strong></span> <span class='ocrx_word' id='word_1_77' title='bbox 2134 1923 2325 1990; x_wconf 90' lang='lat' dir='ltr'><strong>velut</strong></span> <span class='ocrx_word' id='word_1_78' title='bbox 2394 1923 2641 1988; x_wconf 87' lang='lat' dir='ltr'><strong>animal</strong></span> <span class='ocrx_word' id='word_1_79' title='bbox 2704 1923 2809 1986; x_wconf 87' lang='lat' dir='ltr'><strong>in·-</strong></span> 
     </span>
     <span class='ocr_line' id='line_1_12' title="bbox 731 2025 2811 2114; baseline 0 -22"><span class='ocrx_word' id='word_1_80' title='bbox 731 2033 976 2112; x_wconf 87' lang='lat' dir='ltr'><strong>tegrum</strong></span> <span class='ocrx_word' id='word_1_81' title='bbox 1019 2029 1088 2092; x_wconf 90' lang='lat' dir='ltr'><strong>et</strong></span> <span class='ocrx_word' id='word_1_82' title='bbox 1131 2025 1364 2092; x_wconf 87' lang='lat' dir='ltr'><strong>vivum</strong></span> <span class='ocrx_word' id='word_1_83' title='bbox 1407 2031 1816 2114; x_wconf 87' lang='lat' dir='ltr'><strong>compactum</strong></span> <span class='ocrx_word' id='word_1_84' title='bbox 1877 2047 1961 2090; x_wconf 85' lang='lat' dir='ltr'><strong>ex</strong></span> <span class='ocrx_word' id='word_1_85' title='bbox 2004 2027 2225 2094; x_wconf 85' lang='lat' dir='ltr'><strong>verbis</strong></span> <span class='ocrx_word' id='word_1_86' title='bbox 2270 2027 2663 2094; x_wconf 84' lang='lat' dir='ltr'><strong>sonantibus</strong></span> <span class='ocrx_word' id='word_1_87' title='bbox 2708 2029 2811 2092; x_wconf 82' lang='lat' dir='ltr'><strong>in·-</strong></span> 
     </span>
     <span class='ocr_line' id='line_1_13' title="bbox 731 2127 2809 2220; baseline 0 -24"><span class='ocrx_word' id='word_1_88' title='bbox 731 2129 1034 2216; x_wconf 78' lang='lat' dir='ltr'><strong>corruptis</strong></span> <span class='ocrx_word' id='word_1_89' title='bbox 1079 2133 1146 2196; x_wconf 88' lang='lat' dir='ltr'><strong>ct</strong></span> <span class='ocrx_word' id='word_1_90' title='bbox 1189 2127 1508 2212; x_wconf 84' lang='lat' dir='ltr'><strong>indecisis,</strong></span> <span class='ocrx_word' id='word_1_91' title='bbox 1553 2129 1740 2196; x_wconf 88' lang='lat' dir='ltr'><strong>velut</strong></span> <span class='ocrx_word' id='word_1_92' title='bbox 1785 2151 1941 2196; x_wconf 87' lang='lat' dir='ltr'><strong>sano</strong></span> <span class='ocrx_word' id='word_1_93' title='bbox 1986 2135 2055 2196; x_wconf 86' lang='lat' dir='ltr'><strong>et</strong></span> <span class='ocrx_word' id='word_1_94' title='bbox 2112 2131 2371 2220; x_wconf 87' lang='lat' dir='ltr'><strong>integro</strong></span> <span class='ocrx_word' id='word_1_95' title='bbox 2416 2153 2677 2220; x_wconf 88' lang='lat' dir='ltr'><strong>corpore</strong></span> <span class='ocrx_word' id='word_1_96' title='bbox 2738 2137 2809 2198; x_wconf 86' lang='lat' dir='ltr'><strong>et</strong></span> 
     </span>
     <span class='ocr_line' id='line_1_14' title="bbox 729 2233 2807 2322; baseline 0.001 -24"><span class='ocrx_word' id='word_1_97' title='bbox 729 2235 1036 2298; x_wconf 84' lang='lat' dir='ltr'><strong>indeflexo</strong></span> <span class='ocrx_word' id='word_1_98' title='bbox 1087 2233 1428 2300; x_wconf 89' lang='lat' dir='ltr'><strong>intellectu</strong></span> <span class='ocrx_word' id='word_1_99' title='bbox 1469 2257 1510 2298; x_wconf 90' lang='lat' dir='ltr'><strong>a</strong></span> <span class='ocrx_word' id='word_1_100' title='bbox 1553 2235 1902 2298; x_wconf 84' lang='lat' dir='ltr'><strong>verborum</strong></span> <span class='ocrx_word' id='word_1_101' title='bbox 1968 2235 2263 2320; x_wconf 83' lang='lat' dir='ltr'><strong>mysticis</strong></span> <span class='ocrx_word' id='word_1_102' title='bbox 2310 2235 2807 2322; x_wconf 88' lang='lat' dir='ltr'><strong>significationi-</strong></span> 
     </span>
     <span class='ocr_line' id='line_1_15' title="bbox 729 2337 2803 2426; baseline 0.001 -24"><span class='ocrx_word' id='word_1_103' title='bbox 729 2337 860 2418; x_wconf 85' lang='lat' dir='ltr'><strong>bus,</strong></span> <span class='ocrx_word' id='word_1_104' title='bbox 887 2337 1072 2404; x_wconf 89' lang='lat' dir='ltr'><strong>velut</strong></span> <span class='ocrx_word' id='word_1_105' title='bbox 1099 2359 1184 2402; x_wconf 82' lang='lat' dir='ltr'><strong>ex</strong></span> <span class='ocrx_word' id='word_1_106' title='bbox 1211 2337 1430 2404; x_wconf 87' lang='lat' dir='ltr'><strong>anima</strong></span> <span class='ocrx_word' id='word_1_107' title='bbox 1471 2337 1756 2404; x_wconf 87' lang='lat' dir='ltr'><strong>uniente.</strong></span> <span class='ocrx_word' id='word_1_108' title='bbox 1853 2337 2055 2406; x_wconf 83' lang='lat' dir='ltr'><strong>Chori</strong></span> <span class='ocrx_word' id='word_1_109' title='bbox 2088 2339 2307 2426; x_wconf 91' lang='lat' dir='ltr'><strong>itaque</strong></span> <span class='ocrx_word' id='word_1_110' title='bbox 2338 2339 2803 2406; x_wconf 85' lang='lat' dir='ltr'><strong>monachorum</strong></span> 
     </span>
     <span class='ocr_line' id='line_1_16' title="bbox 729 2441 2801 2530; baseline 0.001 -24"><span class='ocrx_word' id='word_1_111' title='bbox 729 2441 962 2506; x_wconf 88' lang='lat' dir='ltr'><strong>diaboli</strong></span> <span class='ocrx_word' id='word_1_112' title='bbox 1047 2441 1414 2508; x_wconf 77' lang='lat' dir='ltr'><strong>dissolvunt</strong></span> <span class='ocrx_word' id='word_1_113' title='bbox 1503 2441 1941 2526; x_wconf 73' lang='lat' dir='ltr'><strong>tyrannidem,</strong></span> <span class='ocrx_word' id='word_1_114' title='bbox 2032 2447 2373 2526; x_wconf 85' lang='lat' dir='ltr'><strong>poetarum</strong></span> <span class='ocrx_word' id='word_1_115' title='bbox 2466 2445 2801 2530; x_wconf 84' lang='lat' dir='ltr'><strong>figmenta,</strong></span> 
     </span>
     <span class='ocr_line' id='line_1_17' title="bbox 729 2545 2805 2634; baseline 0 -24"><span class='ocrx_word' id='word_1_116' title='bbox 729 2547 996 2634; x_wconf 85' lang='lat' dir='ltr'><strong>magicas</strong></span> <span class='ocrx_word' id='word_1_117' title='bbox 1023 2549 1216 2626; x_wconf 82' lang='lat' dir='ltr'><strong>artes,</strong></span> <span class='ocrx_word' id='word_1_118' title='bbox 1263 2551 1334 2610; x_wconf 85' lang='lat' dir='ltr'><strong>et</strong></span> <span class='ocrx_word' id='word_1_119' title='bbox 1375 2545 1748 2612; x_wconf 83' lang='lat' dir='ltr'><strong>divinorum</strong></span> <span class='ocrx_word' id='word_1_120' title='bbox 1791 2545 2199 2634; x_wconf 78' lang='lat' dir='ltr'><strong>exceptiones</strong></span> <span class='ocrx_word' id='word_1_121' title='bbox 2244 2551 2625 2634; x_wconf 84' lang='lat' dir='ltr'><strong>expurgant.</strong></span> <span class='ocrx_word' id='word_1_122' title='bbox 2718 2547 2805 2612; x_wconf 89' lang='lat' dir='ltr'><strong>In</strong></span> 
     </span>
     <span class='ocr_line' id='line_1_18' title="bbox 725 2651 2805 2740; baseline 0 -24"><span class='ocrx_word' id='word_1_123' title='bbox 725 2651 928 2740; x_wconf 84' lang='lat' dir='ltr'><strong>fragili</strong></span> <span class='ocrx_word' id='word_1_124' title='bbox 971 2673 1232 2740; x_wconf 88' lang='lat' dir='ltr'><strong>corpore</strong></span> <span class='ocrx_word' id='word_1_125' title='bbox 1293 2651 1848 2718; x_wconf 82' lang='lat' dir='ltr'><strong>conversationem</strong></span> <span class='ocrx_word' id='word_1_126' title='bbox 1893 2655 2125 2718; x_wconf 87' lang='lat' dir='ltr'><strong>tenent</strong></span> <span class='ocrx_word' id='word_1_127' title='bbox 2168 2651 2543 2738; x_wconf 83' lang='lat' dir='ltr'><strong>angelicam,</strong></span> <span class='ocrx_word' id='word_1_128' title='bbox 2594 2655 2805 2718; x_wconf 88' lang='lat' dir='ltr'><strong>omni-</strong></span> 
     </span>
     <span class='ocr_line' id='line_1_19' title="bbox 729 2753 3135 2844; baseline 0 -24"><span class='ocrx_word' id='word_1_129' title='bbox 729 2757 842 2820; x_wconf 87' lang='lat' dir='ltr'><strong>bus</strong></span> <span class='ocrx_word' id='word_1_130' title='bbox 903 2757 1130 2820; x_wconf 88' lang='lat' dir='ltr'><strong>mundi</strong></span> <span class='ocrx_word' id='word_1_131' title='bbox 1195 2757 1388 2822; x_wconf 83' lang='lat' dir='ltr'><strong>rebus</strong></span> <span class='ocrx_word' id='word_1_132' title='bbox 1467 2757 1668 2838; x_wconf 82' lang='lat' dir='ltr'><strong>exuti,</strong></span> <span class='ocrx_word' id='word_1_133' title='bbox 1763 2755 2067 2844; x_wconf 83' lang='lat' dir='ltr'><strong>omnique</strong></span> <span class='ocrx_word' id='word_1_134' title='bbox 2128 2753 2391 2820; x_wconf 69' lang='lat' dir='ltr'><strong>mundo</strong></span> <span class='ocrx_word' id='word_1_135' title='bbox 2478 2753 2805 2842; x_wconf 64' lang='lat' dir='ltr'><strong>crucifioei,</strong></span> <span class='ocrx_word' id='word_1_136' title='bbox 2838 2767 3135 2820; x_wconf 77' lang='lat' dir='ltr'><strong>Gal.vi.14.</strong></span> 
     </span>
     <span class='ocr_line' id='line_1_20' title="bbox 729 2859 2805 2940; baseline -0.001 -14"><span class='ocrx_word' id='word_1_137' title='bbox 729 2859 1088 2926; x_wconf 85' lang='lat' dir='ltr'><strong>necessariis</strong></span> <span class='ocrx_word' id='word_1_138' title='bbox 1131 2865 1394 2926; x_wconf 88' lang='lat' dir='ltr'><strong>utentes</strong></span> <span class='ocrx_word' id='word_1_139' title='bbox 1437 2859 1646 2926; x_wconf 87' lang='lat' dir='ltr'><strong>solum</strong></span> <span class='ocrx_word' id='word_1_140' title='bbox 1691 2859 1778 2924; x_wconf 87' lang='lat' dir='ltr'><strong>ad</strong></span> <span class='ocrx_word' id='word_1_141' title='bbox 1823 2859 2293 2940; x_wconf 85' lang='lat' dir='ltr'><strong>necessitatem,</strong></span> <span class='ocrx_word' id='word_1_142' title='bbox 2358 2859 2537 2924; x_wconf 85' lang='lat' dir='ltr'><strong>nullo</strong></span> <span class='ocrx_word' id='word_1_143' title='bbox 2584 2865 2805 2924; x_wconf 89' lang='lat' dir='ltr'><strong>autem</strong></span> 
     </span>
     <span class='ocr_line' id='line_1_21' title="bbox 727 2961 2805 3052; baseline -0.002 -22"><span class='ocrx_word' id='word_1_144' title='bbox 727 2965 806 3030; x_wconf 87' lang='lat' dir='ltr'><strong>ad</strong></span> <span class='ocrx_word' id='word_1_145' title='bbox 863 2963 1286 3052; x_wconf 86' lang='lat' dir='ltr'><strong>voluptatem,</strong></span> <span class='ocrx_word' id='word_1_146' title='bbox 1333 2963 1648 3050; x_wconf 86' lang='lat' dir='ltr'><strong>eligentes</strong></span> <span class='ocrx_word' id='word_1_147' title='bbox 1711 2961 1920 3048; x_wconf 84' lang='lat' dir='ltr'><strong>magis</strong></span> <span class='ocrx_word' id='word_1_148' title='bbox 1974 2963 2045 3026; x_wconf 90' lang='lat' dir='ltr'><strong>in</strong></span> <span class='ocrx_word' id='word_1_149' title='bbox 2112 2983 2237 3026; x_wconf 89' lang='lat' dir='ltr'><strong>usu</strong></span> <span class='ocrx_word' id='word_1_150' title='bbox 2298 2961 2805 3030; x_wconf 84' lang='lat' dir='ltr'><strong>necessariorum</strong></span> 
     </span>
     <span class='ocr_line' id='line_1_22' title="bbox 729 3065 2807 3144; baseline -0.002 -8"><span class='ocrx_word' id='word_1_151' title='bbox 729 3069 806 3136; x_wconf 84' lang='lat' dir='ltr'><strong>ad</strong></span> <span class='ocrx_word' id='word_1_152' title='bbox 889 3069 1094 3136; x_wconf 87' lang='lat' dir='ltr'><strong>carnis</strong></span> <span class='ocrx_word' id='word_1_153' title='bbox 1181 3069 1748 3136; x_wconf 86' lang='lat' dir='ltr'><strong>mortificationem</strong></span> <span class='ocrx_word' id='word_1_154' title='bbox 1883 3067 2045 3132; x_wconf 85' lang='lat' dir='ltr'><strong>citra</strong></span> <span class='ocrx_word' id='word_1_155' title='bbox 2126 3065 2421 3132; x_wconf 86' lang='lat' dir='ltr'><strong>medium</strong></span> <span class='ocrx_word' id='word_1_156' title='bbox 2444 3065 2471 3104; x_wconf 78' lang='lat'><strong>³</strong></span> <span class='ocrx_word' id='word_1_157' title='bbox 2560 3065 2807 3144; x_wconf 83' lang='lat' dir='ltr'><strong>sistere,</strong></span> 
     </span>
     <span class='ocr_line' id='line_1_23' title="bbox 727 3169 2809 3260; baseline -0.003 -22"><span class='ocrx_word' id='word_1_158' title='bbox 727 3177 1014 3240; x_wconf 82' lang='lat' dir='ltr'><strong>caventes</strong></span> <span class='ocrx_word' id='word_1_159' title='bbox 1041 3173 1394 3260; x_wconf 83' lang='lat' dir='ltr'><strong>plurimum</strong></span> <span class='ocrx_word' id='word_1_160' title='bbox 1423 3171 1602 3238; x_wconf 86' lang='lat' dir='ltr'><strong>ultra</strong></span> <span class='ocrx_word' id='word_1_161' title='bbox 1643 3171 1999 3258; x_wconf 85' lang='lat' dir='ltr'><strong>procedere.</strong></span> <span class='ocrx_word' id='word_1_162' title='bbox 2094 3171 2183 3234; x_wconf 89' lang='lat' dir='ltr'><strong>Et</strong></span> <span class='ocrx_word' id='word_1_163' title='bbox 2228 3191 2373 3234; x_wconf 89' lang='lat' dir='ltr'><strong>cum</strong></span> <span class='ocrx_word' id='word_1_164' title='bbox 2416 3169 2587 3234; x_wconf 90' lang='lat' dir='ltr'><strong>nihil</strong></span> <span class='ocrx_word' id='word_1_165' title='bbox 2628 3193 2809 3258; x_wconf 83' lang='lat' dir='ltr'><strong>pror.</strong></span> 
     </span>
     <span class='ocr_line' id='line_1_24' title="bbox 729 3273 2805 3362; baseline -0.001 -20"><span class='ocrx_word' id='word_1_166' title='bbox 729 3273 828 3342; x_wconf 84' lang='lat' dir='ltr'><strong>sus</strong></span> <span class='ocrx_word' id='word_1_167' title='bbox 869 3277 1166 3358; x_wconf 87' lang='lat' dir='ltr'><strong>habeant,</strong></span> <span class='ocrx_word' id='word_1_168' title='bbox 1215 3275 1518 3342; x_wconf 86' lang='lat' dir='ltr'><strong>laborant</strong></span> <span class='ocrx_word' id='word_1_169' title='bbox 1559 3281 1784 3342; x_wconf 86' lang='lat' dir='ltr'><strong>tamen</strong></span> <span class='ocrx_word' id='word_1_170' title='bbox 1817 3273 1898 3342; x_wconf 87' lang='lat' dir='ltr'><strong>de</strong></span> <span class='ocrx_word' id='word_1_171' title='bbox 1927 3273 2145 3340; x_wconf 86' lang='lat' dir='ltr'><strong>labore</strong></span> <span class='ocrx_word' id='word_1_172' title='bbox 2192 3297 2309 3340; x_wconf 88' lang='lat' dir='ltr'><strong>suo</strong></span> <span class='ocrx_word' id='word_1_173' title='bbox 2354 3273 2805 3362; x_wconf 85' lang='lat' dir='ltr'><strong>indigentibus</strong></span> 
     </span>
     <span class='ocr_line' id='line_1_25' title="bbox 731 3381 1408 3470; baseline 0.003 -26"><span class='ocrx_word' id='word_1_174' title='bbox 731 3381 1038 3470; x_wconf 85' lang='lat' dir='ltr'><strong>impensas</strong></span> <span class='ocrx_word' id='word_1_175' title='bbox 1083 3381 1408 3448; x_wconf 71' lang='lat' dir='ltr'><strong>invenire.</strong></span> 
     </span>
    </p>

    <p class='ocr_par' dir='ltr' id='par_1_3' title="bbox 729 3483 2801 4500">
     <span class='ocr_line' id='line_1_26' title="bbox 811 3483 2797 3572; baseline -0.001 -24"><span class='ocrx_word' id='word_1_176' title='bbox 811 3485 968 3550; x_wconf 84' lang='lat' dir='ltr'><strong>Haec</strong></span> <span class='ocrx_word' id='word_1_177' title='bbox 1055 3485 1134 3550; x_wconf 85' lang='lat' dir='ltr'><strong>de</strong></span> <span class='ocrx_word' id='word_1_178' title='bbox 1223 3483 1496 3572; x_wconf 71' lang='lat' dir='ltr'><strong>praefata</strong></span> <span class='ocrx_word' id='word_1_179' title='bbox 1571 3483 2039 3570; x_wconf 86' lang='lat' dir='ltr'><strong>conscriptione</strong></span> <span class='ocrx_word' id='word_1_180' title='bbox 2128 3483 2415 3548; x_wconf 89' lang='lat' dir='ltr'><strong>breviter</strong></span> <span class='ocrx_word' id='word_1_181' title='bbox 2486 3485 2797 3560; x_wconf 79' lang='lat' dir='ltr'><strong>extracta,</strong></span> 
     </span>
     <span class='ocr_line' id='line_1_27' title="bbox 731 3585 2801 3674; baseline -0.001 -22"><span class='ocrx_word' id='word_1_182' title='bbox 731 3589 902 3672; x_wconf 84' lang='lat' dir='ltr'><strong>quasi</strong></span> <span class='ocrx_word' id='word_1_183' title='bbox 981 3587 1310 3674; x_wconf 83' lang='lat' dir='ltr'><strong>speculum</strong></span> <span class='ocrx_word' id='word_1_184' title='bbox 1379 3609 1674 3674; x_wconf 88' lang='lat' dir='ltr'><strong>parvum,</strong></span> <span class='ocrx_word' id='word_1_185' title='bbox 1751 3587 1943 3652; x_wconf 87' lang='lat' dir='ltr'><strong>vobis</strong></span> <span class='ocrx_word' id='word_1_186' title='bbox 2006 3609 2367 3674; x_wconf 88' lang='lat' dir='ltr'><strong>proponere</strong></span> <span class='ocrx_word' id='word_1_187' title='bbox 2434 3585 2673 3664; x_wconf 87' lang='lat' dir='ltr'><strong>curavi,</strong></span> <span class='ocrx_word' id='word_1_188' title='bbox 2722 3591 2801 3650; x_wconf 83' lang='lat' dir='ltr'><strong>ut</strong></span> 
     </span>
     <span class='ocr_line' id='line_1_28' title="bbox 731 3689 2795 3778; baseline 0.001 -26"><span class='ocrx_word' id='word_1_189' title='bbox 731 3689 1106 3756; x_wconf 73' lang='lat' dir='ltr'><strong>monachicae</strong></span> <span class='ocrx_word' id='word_1_190' title='bbox 1149 3691 1310 3756; x_wconf 82' lang='lat' dir='ltr'><strong>vitae</strong></span> <span class='ocrx_word' id='word_1_191' title='bbox 1355 3691 1540 3756; x_wconf 84' lang='lat' dir='ltr'><strong>velut</strong></span> <span class='ocrx_word' id='word_1_192' title='bbox 1601 3691 1874 3756; x_wconf 84' lang='lat' dir='ltr'><strong>formam</strong></span> <span class='ocrx_word' id='word_1_193' title='bbox 1919 3691 2259 3778; x_wconf 83' lang='lat' dir='ltr'><strong>parvulam</strong></span> <span class='ocrx_word' id='word_1_194' title='bbox 2316 3693 2389 3756; x_wconf 89' lang='lat' dir='ltr'><strong>in</strong></span> <span class='ocrx_word' id='word_1_195' title='bbox 2456 3711 2529 3756; x_wconf 88' lang='lat' dir='ltr'><strong>eo</strong></span> <span class='ocrx_word' id='word_1_196' title='bbox 2576 3711 2795 3776; x_wconf 87' lang='lat' dir='ltr'><strong>specu-</strong></span> 
     </span>
     <span class='ocr_line' id='line_1_29' title="bbox 731 3791 2797 3882; baseline 0.002 -28"><span class='ocrx_word' id='word_1_197' title='bbox 731 3791 958 3858; x_wconf 82' lang='lat' dir='ltr'><strong>lemini.</strong></span> <span class='ocrx_word' id='word_1_198' title='bbox 1019 3793 1322 3860; x_wconf 86' lang='lat' dir='ltr'><strong>Delectat</strong></span> <span class='ocrx_word' id='word_1_199' title='bbox 1355 3795 1528 3860; x_wconf 85' lang='lat' dir='ltr'><strong>enim</strong></span> <span class='ocrx_word' id='word_1_200' title='bbox 1563 3795 1953 3882; x_wconf 84' lang='lat' dir='ltr'><strong>juvenculas</strong></span> <span class='ocrx_word' id='word_1_201' title='bbox 1982 3795 2363 3882; x_wconf 84' lang='lat' dir='ltr'><strong>plerumque</strong></span> <span class='ocrx_word' id='word_1_202' title='bbox 2394 3793 2797 3880; x_wconf 86' lang='lat' dir='ltr'><strong>speculorum</strong></span> 
     </span>
     <span class='ocr_line' id='line_1_30' title="bbox 731 3895 2799 3984; baseline 0.002 -25"><span class='ocrx_word' id='word_1_203' title='bbox 731 3895 1042 3976; x_wconf 74' lang='lat' dir='ltr'><strong>varieta83</strong></span> <span class='ocrx_word' id='word_1_204' title='bbox 1085 3901 1322 3962; x_wconf 80' lang='lat' dir='ltr'><strong>vestrae</strong></span> <span class='ocrx_word' id='word_1_205' title='bbox 1363 3903 1584 3962; x_wconf 90' lang='lat' dir='ltr'><strong>autem</strong></span> <span class='ocrx_word' id='word_1_206' title='bbox 1615 3897 1852 3964; x_wconf 83' lang='lat' dir='ltr'><strong>animae</strong></span> <span class='ocrx_word' id='word_1_207' title='bbox 1897 3903 2093 3962; x_wconf 73' lang='lat' dir='ltr'><strong>castae</strong></span> <span class='ocrx_word' id='word_1_208' title='bbox 2128 3897 2499 3984; x_wconf 83' lang='lat' dir='ltr'><strong>juvenculis</strong></span> <span class='ocrx_word' id='word_1_209' title='bbox 2544 3919 2799 3984; x_wconf 71' lang='lat' dir='ltr'><strong>sponsae</strong></span> 
     </span>
     <span class='ocr_line' id='line_1_31' title="bbox 731 3997 2793 4088; baseline 0.003 -26"><span class='ocrx_word' id='word_1_210' title='bbox 731 3997 1170 4066; x_wconf 82' lang='lat' dir='ltr'><strong>assimilantur.</strong></span> <span class='ocrx_word' id='word_1_211' title='bbox 1273 3999 1444 4078; x_wconf 76' lang='lat' dir='ltr'><strong>Quia</strong></span> <span class='ocrx_word' id='word_1_212' title='bbox 1503 3999 1712 4088; x_wconf 83' lang='lat' dir='ltr'><strong>igitur</strong></span> <span class='ocrx_word' id='word_1_213' title='bbox 1789 4001 1977 4064; x_wconf 91' lang='lat' dir='ltr'><strong>velut</strong></span> <span class='ocrx_word' id='word_1_214' title='bbox 2034 4001 2109 4064; x_wconf 87' lang='lat' dir='ltr'><strong>in</strong></span> <span class='ocrx_word' id='word_1_215' title='bbox 2202 4002 2457 4086; x_wconf 86' lang='lat' dir='ltr'><strong>speculo</strong></span> <span class='ocrx_word' id='word_1_216' title='bbox 2538 4023 2793 4088; x_wconf 76' lang='lat' dir='ltr'><strong>magun,</strong></span> 
     </span>
     <span class='ocr_line' id='line_1_32' title="bbox 733 4101 2795 4192; baseline 0.005 -28"><span class='ocrx_word' id='word_1_217' title='bbox 733 4101 926 4186; x_wconf 62' lang='lat' dir='ltr'><strong>plana</strong></span> <span class='ocrx_word' id='word_1_218' title='bbox 999 4107 1062 4168; x_wconf 90' lang='lat' dir='ltr'><strong>et</strong></span> <span class='ocrx_word' id='word_1_219' title='bbox 1145 4107 1414 4182; x_wconf 83' lang='lat' dir='ltr'><strong>exters0‚</strong></span> <span class='ocrx_word' id='word_1_220' title='bbox 1479 4103 1552 4168; x_wconf 88' lang='lat' dir='ltr'><strong>in</strong></span> <span class='ocrx_word' id='word_1_221' title='bbox 1619 4103 1850 4192; x_wconf 82' lang='lat' dir='ltr'><strong>regula</strong></span> <span class='ocrx_word' id='word_1_222' title='bbox 1891 4103 2067 4170; x_wconf 87' lang='lat' dir='ltr'><strong>beati</strong></span> <span class='ocrx_word' id='word_1_223' title='bbox 2142 4101 2485 4170; x_wconf 88' lang='lat' dir='ltr'><strong>Benedicti</strong></span> <span class='ocrx_word' id='word_1_224' title='bbox 2556 4111 2795 4174; x_wconf 83' lang='lat' dir='ltr'><strong>vestrae</strong></span> 
     </span>
     <span class='ocr_line' id='line_1_33' title="bbox 729 4203 2797 4294; baseline 0.004 -28"><span class='ocrx_word' id='word_1_225' title='bbox 729 4203 878 4270; x_wconf 73' lang='lat' dir='ltr'><strong>vitae</strong></span> <span class='ocrx_word' id='word_1_226' title='bbox 917 4203 1472 4290; x_wconf 87' lang='lat' dir='ltr'><strong>pulchritudinem</strong></span> <span class='ocrx_word' id='word_1_227' title='bbox 1517 4209 1754 4294; x_wconf 73' lang='lat' dir='ltr'><strong>saepius</strong></span> <span class='ocrx_word' id='word_1_228' title='bbox 1797 4207 1955 4272; x_wconf 88' lang='lat' dir='ltr'><strong>estis</strong></span> <span class='ocrx_word' id='word_1_229' title='bbox 2014 4209 2453 4294; x_wconf 87' lang='lat' dir='ltr'><strong>contemplati,</strong></span> <span class='ocrx_word' id='word_1_230' title='bbox 2502 4213 2569 4272; x_wconf 88' lang='lat' dir='ltr'><strong>et</strong></span> <span class='ocrx_word' id='word_1_231' title='bbox 2612 4211 2797 4274; x_wconf 87' lang='lat' dir='ltr'><strong>velut</strong></span> 
     </span>
     <span class='ocr_line' id='line_1_34' title="bbox 731 4295 2797 4398; baseline 0.004 -28"><span class='ocrx_word' id='word_1_232' title='bbox 731 4305 798 4370; x_wconf 89' lang='lat' dir='ltr'><strong>in</strong></span> <span class='ocrx_word' id='word_1_233' title='bbox 859 4305 1112 4394; x_wconf 89' lang='lat' dir='ltr'><strong>speculo</strong></span> <span class='ocrx_word' id='word_1_234' title='bbox 1177 4307 1562 4394; x_wconf 85' lang='lat' dir='ltr'><strong>fulgentiori</strong></span> <span class='ocrx_word' id='word_1_235' title='bbox 1625 4311 1696 4374; x_wconf 89' lang='lat' dir='ltr'><strong>in</strong></span> <span class='ocrx_word' id='word_1_236' title='bbox 1763 4309 1985 4398; x_wconf 85' lang='lat' dir='ltr'><strong>regula</strong></span> <span class='ocrx_word' id='word_1_237' title='bbox 2046 4295 2251 4374; x_wconf 54' lang='lat' dir='ltr'><strong>beati⁴</strong></span> <span class='ocrx_word' id='word_1_238' title='bbox 2292 4311 2527 4376; x_wconf 89' lang='lat' dir='ltr'><strong>Basilii</strong></span> <span class='ocrx_word' id='word_1_239' title='bbox 2592 4317 2659 4378; x_wconf 87' lang='lat' dir='ltr'><strong>et</strong></span> <span class='ocrx_word' id='word_1_240' title='bbox 2724 4313 2797 4378; x_wconf 86' lang='lat' dir='ltr'><strong>in</strong></span> 
     </span>
     <span class='ocr_line' id='line_1_35' title="bbox 731 4411 2799 4500; baseline 0.003 -24"><span class='ocrx_word' id='word_1_241' title='bbox 731 4411 1016 4478; x_wconf 85' lang='lat' dir='ltr'><strong>doctrina</strong></span> <span class='ocrx_word' id='word_1_242' title='bbox 1101 4412 1458 4500; x_wconf 85' lang='lat' dir='ltr'><strong>exemplari</strong></span> <span class='ocrx_word' id='word_1_243' title='bbox 1545 4413 1967 4480; x_wconf 86' lang='lat' dir='ltr'><strong>historiarum</strong></span> <span class='ocrx_word' id='word_1_244' title='bbox 2034 4413 2211 4478; x_wconf 86' lang='lat' dir='ltr'><strong>vitas</strong></span> <span class='ocrx_word' id='word_1_245' title='bbox 2292 4419 2559 4500; x_wconf 86' lang='lat' dir='ltr'><strong>patrum</strong></span> <span class='ocrx_word' id='word_1_246' title='bbox 2630 4415 2799 4482; x_wconf 87' lang='lat' dir='ltr'><strong>refe-</strong></span> 
     </span>
    </p>
   </div>
   <div class='ocr_carea' id='block_1_3' title="bbox 789 4665 2529 4886">
    <p class='ocr_par' dir='ltr' id='par_1_4' title="bbox 789 4665 2529 4886">
     <span class='ocr_line' id='line_1_36' title="bbox 791 4665 2529 4740; baseline -0.004 -18"><span class='ocrx_word' id='word_1_247' title='bbox 791 4671 806 4702; x_wconf 78' lang='lat'>¹</span> <span class='ocrx_word' id='word_1_248' title='bbox 839 4669 1046 4740; x_wconf 78' lang='lat' dir='ltr'><strong>labores]</strong></span> <span class='ocrx_word' id='word_1_249' title='bbox 1085 4671 1322 4734; x_wconf 81' lang='lat' dir='ltr'><strong>laborem,</strong></span> <span class='ocrx_word' id='word_1_250' title='bbox 1347 4667 1542 4734; x_wconf 82' lang='lat' dir='ltr'><strong>C.C.C.,</strong></span> <span class='ocrx_word' id='word_1_251' title='bbox 1565 4669 1664 4722; x_wconf 84' lang='lat' dir='ltr'><strong>Ox.</strong></span> <span class='ocrx_word' id='word_1_252' title='bbox 1869 4667 1888 4698; x_wconf 75' lang='lat'><strong>⁸</strong></span> <span class='ocrx_word' id='word_1_253' title='bbox 1919 4665 2143 4732; x_wconf 77' lang='lat' dir='ltr'><strong>medium]</strong></span> <span class='ocrx_word' id='word_1_254' title='bbox 2178 4667 2399 4726; x_wconf 83' lang='lat' dir='ltr'><strong>modum,</strong></span> <span class='ocrx_word' id='word_1_255' title='bbox 2426 4665 2529 4716; x_wconf 81' lang='lat' dir='ltr'><strong>sid.</strong></span> 
     </span>
     <span class='ocr_line' id='line_1_37' title="bbox 789 4751 1262 4824; baseline 0 -18"><span class='ocrx_word' id='word_1_256' title='bbox 789 4755 808 4786; x_wconf 78' lang='lat'><strong>²</strong></span> <span class='ocrx_word' id='word_1_257' title='bbox 833 4755 998 4824; x_wconf 76' lang='lat' dir='ltr'><strong>quasi]</strong></span> <span class='ocrx_word' id='word_1_258' title='bbox 1033 4769 1130 4806; x_wconf 83' lang='lat' dir='ltr'><strong>om.</strong></span> <span class='ocrx_word' id='word_1_259' title='bbox 1155 4751 1262 4806; x_wconf 79' lang='lat' dir='ltr'><strong>sid.</strong></span> 
     </span>
     <span class='ocr_line' id='line_1_38' title="bbox 2472 4839 2527 4886; baseline 0 -2"><span class='ocrx_word' id='word_1_260' title='bbox 2472 4839 2527 4886; x_wconf 81' lang='grc' dir='ltr'><strong>Μ</strong></span> 
     </span>
    </p>
   </div>
  </div>
 </body>
</html>
