3875 5734
745 2687 766 2730 1
795 2683 920 2748 Reg.
943 2683 1032 2734 vii.

747 2753 956 2802 15-17.

743 2841 1030 2908 Argument

743 2911 872 2960 from
895 2911 1036 2962 Sam-

1075 809 1206 872 388
1727 823 2019 870 nonnam
2066 819 2519 874 Gnossn‘rnstrn

1073 999 1202 1066 nisi
1247 999 1382 1086 ipse
1429 999 1518 1064 sit
1579 999 1748 1066 sicut
1793 1001 2035 1084 David,
2082 1001 2303 1066 audito
2370 999 2579 1066 leonis
2646 1001 2887 1088 rugitU,
2936 1003 3165 1088 pedem

1071 1103 1380 1182 retrahet,
1451 1103 1774 1170 attonitus
1837 1105 2189 1186 subsistet3
2232 1103 2475 1170 nedum
2538 1109 2827 1190 potestas
2902 1105 3167 1172 inferior

1073 1207 1196 1274 hoc
1223 1209 1476 1274 faceret.
1571 1209 1654 1272 In
1699 1211 1820 1276 hoc
1863 1209 2073 1296 igitur
2118 1233 2283 1290 casn,
2330 1207 2655 1288 videlicet,
2690 1231 2837 1274 cum
2864 1211 3165 1296 potentia

1073 1311 1298 1378 vitiosi
1343 1317 1534 1378 tanta
1577 1315 1682 1392 sit,
1731 1337 1926 1400 quam
1974 1319 2259 1402 potestas
2288 1311 2553 1378 inferior
2584 1311 3009 1380 ecclesiastica
3036 1337 3167 1380 non

1075 1419 1290 1504 potest
1359 1439 1504 1482 eam
1569 1417 1886 1496 edomare,
1931 1439 2055 1482 nec
2100 1423 2313 1504 potest
2358 1415 2487 1482 dici
2552 1415 2691 1502 ejus
2750 1419 3163 1504 negligentia,

1079 1521 1230 1606 quia
1273 1521 1390 1606 qui
1433 1521 1598 1600 vult,
1645 1527 1716 1586 et
1745 1525 2033 1600 conatur,
2082 1527 2147 1584 et
2190 1541 2325 1584 non
2366 1523 2601 1606 potest,
2646 1519 2979 1606 negligens
3036 1545 3165 1586 non

1079 1629 1196 1702 est,
1257 1623 1370 1688 sed
1429 1623 1788 1710 impotens3
1863 1625 1928 1686 et
1974 1627 2241 1710 propter
2280 1623 2403 1688 hoc
2448 1623 2691 1710 poterit
2736 1623 2809 1688 in
2850 1623 2973 1688 hoc
3016 1645 3165 1688 casu

1081 1727 1296 1792 deesse
1361 1725 1802 1814 negligentia3
1877 1747 1997 1790 nec
2040 1727 2131 1790 sic
2208 1725 2547 1812 perveniet
2592 1725 2833 1792 vitium
2876 1749 3165 1812 unquam

1079 1833 1166 1896 ad
1211 1829 1680 1908 correctionem,
1715 1829 1926 1916 posito
1958 1829 2133 1914 quod
2178 1829 2467 1914 superior
2496 1833 2783 1916 potestas
2826 1829 2923 1894 nil
2966 1831 3165 1916 possit

1079 1935 1148 1998 in
1193 1935 1566 2020 hujusmodi
1615 1933 2021 2010 correctione,
2066 1933 2197 1998 nisi
2252 1933 2555 2000 inferiore
2616 1933 2983 2022 negligente
3054 1939 3167 1998 aut

1079 2039 1292 2124 aliquo
1339 2037 1422 2102 ab
1453 2037 1758 2102 inferiore
1789 2037 1874 2100 ad
1905 2037 2301 2124 superiorem
2332 2037 2715 2124 appellante.
2808 2037 2967 2118 Quis
2996 2037 3165 2100 enim

1081 2141 1154 2204 in
1199 2141 1320 2206 hoc
1371 2161 1522 2204 casu
1587 2139 1963 2226 appellabit,
2034 2163 2181 2206 cum
2240 2141 2461 2206 nullus
2522 2143 2609 2208 sit
2672 2163 2991 2218 accusanS,
3056 2139 3165 2204 sed

1077 2245 1478 2310 solummodo
1547 2243 1742 2322 fama,
1789 2249 1908 2310 aut
1962 2245 2119 2310 facti
2166 2229 2499 2310 evidentia
2562 2245 2893 2310 clamans?
2978 2241 3047 2308 N
3048 2265 3167 2306 un·

1075 2347 1236 2434 quid
1301 2349 1406 2412 leo
1473 2369 1660 2412 ovem
1747 2347 1820 2412 in
1901 2347 2199 2412 faucibus
2258 2347 2559 2412 detinens
2618 2349 2703 2412 ab
2762 2347 3053 2412 inferiori
3096 2347 3163 2410 et

1075 2451 1374 2516 debiliori
1449 2455 1704 2538 pastore
1779 2451 1864 2516 ad
1940 2451 2277 2516 fortiorem
2352 2457 2679 2538 pastorem
2768 2447 3159 2538 superiorem

1075 2555 1444 2642 appellabit,
1493 2561 1570 2622 ut
1613 2555 1900 2642 praedam
1948 2577 2133 2622 suam
2178 2553 2301 2620 sibi
2346 2555 2641 2620 auferat'.2

1163 2659 1436 2744 Legitur
1505 2661 1580 2722 in
1643 2659 1818 2724 libro
1883 2659 2143 2744 Regum
2218 2659 2391 2742 quod
2466 2657 2749 2724 Samuel
2810 2659 3161 2744 judica-bat

1079 2761 1406 2826 Israelem
1455 2761 1712 2826 cunctis
1757 2761 1989 2828 diebus
2016 2761 2171 2828 vitoe
2202 2783 2351 2840 sucre,
2402 2769 2463 2826 et
2506 2759 2649 2826 ib'cct
2686 2783 2817 2846 per
2858 2763 3159 2850 singulos

1079 2889 1298 2932 awnos
1327 2863 1614 2932 circuire
1643 2865 1884 2944 Beth-el,
1935 2871 1995 2930 et
2042 2865 2343 2950 Ga-Zya-Za,
2388 2871 2449 2930 ct
2490 2865 2577 2928 M
2572 2865 2829 2950 (repleat,
2878 2875 2937 2934 et
2970 2869 3161 2954 jucli-

745 2977 1052 3030 uel’scircuit
1081 2971 1272 3036 cahat
1333 2969 1658 3036 Israelem
1703 2967 1788 3034 in
1851 2967 2271 3054 supradicti-s
2318 2967 2475 3034 locis
2492 2995 2521 3048 ,·
2600 2971 3161 3060 revertebaturque

743 3059 800 3094 as
815 3045 984 3112 judge.

743 3819 908 3874 Exod.
929 3823 1016 3876 vii.

1075 3073 1160 3142 in
1203 3073 1550 3140 Ramatka
1567 3099 1594 3154 ‚·
1639 3071 1742 3138 ibi
1803 3073 1991 3138 enim
2036 3081 2181 3138 emt
2238 3073 2477 3138 domu-3
2542 3073 2695 3160 ejas.
2788 3073 3049 3140 Samuel
3092 3081 3161 3140 et

1073 3177 1360 3242 nominis
1409 3177 1969 3264 interpretatione,
2036 3199 2183 3264 quae
2250 3181 2349 3242 est
2410 3175 2779 3264 postulatio
2838 3177 2985 3258 Dei,
3062 3177 3163 3244 ‘cel

1073 3303 1324 3348 ‘nomen
1367 3279 1506 3366 ejus
1549 3279 1746 3362 Deua
1793 3285 1860 3346 et
1907 3303 1983 3346 eo
2030 3279 2205 3366 quod
2268 3279 2463 3346 datus
2508 3281 2637 3346 fuit
2704 3281 2985 3346 Domino
3032 3305 3163 3348 om-

1073 3385 1268 3450 nibus
1313 3385 1542 3450 diebus
1599 3383 1758 3450 vitae
1813 3405 1965 3464 suae,
2022 3383 2357 3450 evidenter
2404 3389 2643 3472 typum
2696 3385 2867 3472 gerit
2928 3387 3161 3472 episco-

1075 3513 1326 3576 porum,
1373 3489 1488 3574 qui
1533 3509 1650 3576 per
1705 3489 2085 3554 electionem
2150 3495 2219 3556 et
2284 3489 2571 3576 Spiritus
2618 3489 2847 3554 Sancti
2906 3489 3161 3554 invoca-

1075 3593 1324 3658 tionem
1369 3615 1412 3654 a
1457 3591 1598 3656 Deo
1637 3597 1796 3656 sunt
1839 3591 2179 3678 postulati,
2226 3597 2295 3658 et
2338 3615 2455 3678 per
2496 3593 2655 3658 vitae
2720 3591 3161 3658 celsitudinem

1077 3697 1176 3762 ita
1219 3695 1626 3762 adhaerentes
1673 3693 1814 3762 Deo
1859 3701 1936 3762 ut
1984 3719 2157 3762 unus
2202 3697 2473 3784 spiritus
2520 3697 2677 3776 sint,
2746 3719 2823 3762 ac
2890 3719 3003 3786 per
3046 3697 3163 3762 hoc

1079 3801 1172 3864 dii
1247 3801 1334 3864 ad
1415 3799 1854 3864 imitationem
1948 3801 2181 3888 Moysi,
2256 3801 2363 3866 cui
2468 3801 2719 3866 dictum
2796 3805 2937 3882 est3
3010 3801 3163 3864 Ecce

1079 3903 1402 3970 constitui»
1461 3909 1518 3968 ΐο
1587 3903 1790 3970 deum
1847 3903 2255 3982 Pharaoni-3,
2312 3903 2429 3990 qui
2490 3905 2691 3970 etiam
2736 3905 2821 3970 ab
2866 3903 3163 3970 omnibus

1077 4007 1428 4070 mundanis
1515 4007 1688 4070 curis
1775 4010 1842 4070 et
1935 4005 2491 4092 implicationibus
2586 4007 2659 4070 in
2774 4007 3161 4096 secularibus

1075 4107 1356 4194 negotiis
1423 4107 1738 4174 abstracti
1805 4107 1947 4174 dati
2014 4113 2173 4174 sunt
2232 4109 2521 4174 Domino
2572 4109 2875 4174 omnibus
2942 4109 3165 4176 diebus

1077 4213 1236 4278 vitae
1311 4233 1468 4278 suae.
1563 4211 1780 4298 Igitur
1853 4211 1928 4276 in
2002 4213 2313 4278 exercitio
2388 4215 2733 4298 potestatis
2800 4213 3163 4300 judiciariae

1079 4315 1416 4394 Samuelis,
1481 4317 1680 4380 datur
1763 4315 1975 4380 forma
2044 4317 2355 4404 episcopis
2406 4339 2563 4382 -suae
2640 4319 2981 4406 potestatis
3054 4339 3167 4404 per

1079 4425 1298 4484 actum
1365 4419 1756 4484 exercendae.
1849 4419 2115 4484 Debent
2168 4419 2375 4506 igitur
2436 4443 2553 4506 per
2612 4421 2903 4506 singulos
2966 4443 3167 4486 annos

1079 4545 1226 4586 suas
1271 4523 1574 4588 dioeceses
1619 4523 1906 4602 circuire,
1960 4521 2331 4606 judicantes
2400 4523 2825 4590 ecclesiastica
2890 4527 3165 4610 negotia,

1075 4647 1210 4690 non
1283 4647 1366 4692 ex
1453 4625 1730 4692 arbitrio
1805 4625 2175 4692 voluntatis
2244 4627 2547 4712 propriae,
2620 4627 2735 4692 sed
2812 4629 3159 4694 secundum
