3875 5734
1043 835 1178 908 272
1695 847 1995 900 ROBERTI
2038 847 2499 900 enossmnsrr.

711 1031 824 1112 [she
845 1035 988 1102 king,
1047 1029 1358 1112 quatinus
1403 1027 1616 1094 eidem
1661 1029 1876 1092 castra
1919 1031 1989 1092 et
2032 1027 2325 1094 maneria
2352 1025 2841 1096 Wintoniensis
2872 1027 3129 1116 Episco-

709 1101 836 1220 ἓξὲξ
851 1119 1004 1220 itffi‘is
1047 1137 1240 1216 patus
1285 1125 1634 1212 restituat,
1661 1131 1876 1198 dictus
1925 1131 2233 1200 dominus
2276 1153 2397 1198 rex
2438 1131 2511 1196 id
2554 1131 2885 1218 hucusque
2928 1131 3129 1198 facere

711 1239 1010 1318 opposition,
1049 1235 1482 1302 contradixitt
1553 1233 1628 1298 in
1691 1257 1822 1320 quo
1883 1235 2219 1324 proposito
2288 1235 2345 1302 si
2406 1239 2673 1322 perstet,
2722 1233 2965 1320 poterit
3012 1233 3131 1300 hoc

711 1305 1024 1438 ffilgssolate
1045 1333 1202 1424 ipsi·
1239 1343 1308 1404 et
1373 1359 1574 1428 regno
1637 1359 1754 1404 suo
1819 1361 1955 1404 non
2016 1339 2367 1404 minimum
2432 1337 2671 1418 obesse,
2720 1337 2895 1422 quod
2944 1337 3127 1414 absit,

713 1437 914 1496 charta.
1049 1461 1196 1506 cum
1241 1443 1314 1508 in
1355 1443 1478 1510 hoc
1521 1443 1692 1508 facto
1733 1443 2077 1508 evidenter
2104 1443 2415 1508 videatur
2456 1441 2631 1506 facto
2662 1439 2913 1506 domini
2940 1439 3131 1528 Papae

1049 1545 1404 1626 contraire3
1463 1545 1568 1638 cui
1611 1549 1852 1632 praeter
1893 1543 2285 1608 fidelitatem
2328 1543 2759 1608 communiter
2798 1541 2885 1608 ab
2928 1543 3133 1608 omni-

1047 1647 1174 1714 bus
1217 1649 1632 1736 principibus
1675 1647 1959 1714 ecclesiae
2018 1647 2175 1712 filiis
2228 1647 2539 1726 debitam,
2588 1647 2727 1734 ipse
2772 1647 3133 1734 specialiter

1045 1773 1164 1840 per
1223 1751 1516 1818 chartam
1577 1755 1646 1814 et
1709 1749 2163 1836 juramentum
2238 1749 2517 1816 illustris
2578 1749 2907 1814 memoriae
2964 1749 3129 1836 regis

1047 1855 1094 1920 J
1097 1853 1390 1932 ohannis,
1465 1851 1672 1940 patris
1747 1851 1971 1938 ipsiuS,
2046 1855 2315 1918 tenetur
2388 1853 2477 1918 ad
2548 1851 2939 1918 fidelitatem
3012 1851 3129 1918 sub

1047 1977 1246 2044 poena
1285 1955 1686 2042 gravissima,
1719 1975 1918 2040 quam
1946 1975 2067 2020 vos
2110 1955 2313 2020 latere
2358 1975 2495 2020 non
2538 1953 2875 2020 credimus.
2966 1953 3129 2022 Cum

1047 2061 1272 2146 itaque
1313 2058 1400 2124 ad
1443 2061 1678 2124 vestrae
1725 2055 2139 2124 discretionis
2184 2057 2601 2144 diligentiam
2658 2057 2943 2124 maxime
2992 2081 3131 2146 per-

1045 2161 1274 2242 tineat,
1341 2165 1492 2248 post
1555 2157 1898 2224 dominum
1974 2181 2207 2246 regem,
2280 2159 2567 2246 ejusdem
2642 2165 2711 2226 et
2782 2161 2967 2250 regni
3030 2161 3129 2226 sui

1045 2265 1298 2344 honori,
1349 2265 1514 2354 paci,
1577 2265 1646 2328 et
1709 2263 2189 2352 tranquillitati
2232 2265 2595 2352 providere,
2642 2263 2971 2350 vobisque·
2996 2287 3129 2352 prae

1043 2367 1298 2434 caeteris
1343 2367 1634 2454 ejusdem
1675 2367 1866 2454 regni
1913 2367 2203 2432 maxime
2256 2367 2599 2432 incumbat
2644 2367 3127 2432 ecclesiasticam

1043 2469 1424 2546 libertatem
1491 2469 1682 2548 tueri,
1755 2473 1826 2536 et
1891 2469 2069 2534 facta
2120 2469 2373 2534 domini
2416 2469 2631 2556 Papae,
2694 2475 2775 2534 ut
2840 2469 3127 2536 debitum

1043 2575 1410 2640 sortiantur
1451 2573 1772 2652 effectum,
1821 2571 2197 2654 confovere3
2266 2571 2457 2640 vobis
2518 2571 2695 2640 omni
2742 2595 2873 2660 qua
2912 2595 3129 2660 possu-

1043 2699 1190 2742 mus
1259 2677 1608 2744 devotione
1667 2677 2127 2766 supplicamus
2174 2675 2487 2762 quatinus
2532 2681 2753 2742 vestra
2814 2675 3129 2764 sapientia

1045 2785 1276 2846 contra
1343 2787 1538 2848 tanta
1611 2779 1898 2867 pericula
1970 2783 2323 2866 tantasque
2398 2779 2741 2846 sacerdotii
2814 2785 2883 2846 et
2952 2781 3127 2868 regni

1045 2883 1466 2952 imminentes
1509 2881 1862 2950 discordias
1907 2887 1977 2948 et
2026 2883 2557 2970 perturbationes
2572 2883 2595 2922 ¹
2640 2883 2921 2948 remedia
2964 2889 3127 2948 sata-

1043 2993 1162 3072 gat
1235 3011 1526 3076 congrua
1595 2987 1955 3074 providere.
2048 2987 2143 3054 Et
2214 2987 2387 3074 quia,
2434 2991 2721 3054 testante
2794 2987 3123 3074 sapientia,

711 3103 910 3184 Eceius.
1049 3087 1234 3156 bonoe
1277 3089 1598 3156 mulieris
1643 3089 1870 3156 beatus
1911 3087 2055 3170 vim
2110 3111 2227 3176 per
2272 3089 2615 3156 mulierem
2658 3089 2835 3156 enim
2876 3091 3125 3176 sapien-

711 3175 930 3222 xxv1.1.
1047 3193 1184 3258 tem
1249 3195 1356 3260 vir
1421 3195 1730 3274 salvatur,
1793 3193 1983 3260 corde
2056 3193 2265 3280 ipsius
2336 3215 2455 3280 per
2526 3193 2667 3280 ejus
2742 3213 3003 3258 suavem
3060 3197 3127 3258 et

707 3309 952 3360 Bonifaee
979 3309 1026 3360 is
1049 3297 1376 3362 salubrem
1403 3297 1884 3384 persuasionem
1925 3297 2001 3360 in
2044 3295 2277 3360 melius
2304 3299 2707 3362 commutato
2718 3319 2737 3376 3
2780 3297 3127 3360 secundum

707 3377 1028 3444 requesoedto
1051 3399 1226 3484 quod
1269 3404 1514 3466 nostrae
1563 3399 1880 3486 parvitati
1921 3399 2205 3478 videtur,
2256 3399 2547 3464 consulte
2592 3399 2727 3478 fiet,
2772 3399 2829 3464 si
2874 3399 3129 3464 domina

711 3447 894 3592 32²⁰ss
911 3445 1004 3562 {lise
1049 3503 1276 3590 regina
1317 3503 1592 3592 Angliae,
1659 3501 1882 3590 neptis
1925 3507 2169 3584 vestra,
2232 3507 2373 3568 tam
2448 3525 2565 3590 per
2622 3501 2845 3568 literas
2886 3507 3127 3570 vestras

645 3691 650 3696 φ
707 3585 950 3714 ἓξξξξᾈὲζ
1049 3627 1248 3692 quam
1291 3607 1604 3674 discretos
1663 3611 1734 3672 et
1793 3605 2019 3672 fideles
2064 3607 2355 3684 nuncio&
2402 3607 2751 3694 diligenter
2794 3611 3129 3672 moneatur

707 3715 944 3794 the-king
965 3719 1020 3764 ‘⁶⁰
1043 3713 1112 3776 et
1157 3711 1498 3778 efficaciter
1539 3709 1904 3790 inducatur,
1944 3714 2023 3775 ut
2088 3733 2197 3778 cor
2242 3709 2491 3776 domini
2548 3709 2739 3798 regis,
2782 3711 3127 3774 secundum

707 3783 878 3834 des1st.
1043 3813 1462 3900 prudentiam
1509 3837 1550 3880 a
1593 3813 1736 3880 Deo
1781 3813 1910 3880 sibi
1956 3815 2285 3904 largitam,
2332 3819 2615 3900 temptet
2656 3813 2731 3878 in
2788 3813 3015 3880 melius
3058 3815 3129 3878 in

1041 3915 1164 3984 hac
1229 3921 1416 4004 parte
1457 3921 1878 3998 commutare,
1942 3921 2023 3984 ut
2090 3939 2133 3982 a
2200 3917 2377 3982 dicto
2446 3917 2723 3982 desistat
2786 3919 3127 4002 proposito,

1041 4021 1256 4086 modis
1297 4021 1602 4086 omnibus
1657 4019 1985 4102 inducere,
2050 4041 2137 4086 ne
2202 4017 2457 4086 vester3
2502 4019 2751 4104 primus
2812 4017 3131 4106 ingressus

1041 4123 1116 4190 in
1177 4125 1508 4212 Angliam,
1583 4143 1778 4210 quem
1845 4107 2031 4190 Deus
2094 4123 2271 4210 pacis
2330 4121 2529 4188 faciat
2600 4121 2957 4210 pacificum,
3018 4145 3131 4210 per

1041 4227 1418 4315 hujusmodi
1463 4227 1816 4292 discordias
1865 4227 2305 4312 perturbetur,
2354 4231 2475 4290 aut
2516 4227 2705 4290 vobis
2748 4227 2903 4314 ipsis
2944 4249 3129 4314 gene-

1043 4333 1226 4394 retur
1311 4329 1662 4394 necessitas
1735 4349 1888 4392 cum
1964 4329 2231 4394 domino
2306 4349 2459 4414 rege
2532 4349 2649 4394 seu
2720 4329 2937 4416 aliquo
3008 4329 3131 4392 alio

1043 4431 1454 4498 discordandi
1499 4433 1570 4496 in
1613 4431 1820 4496 vestri
1865 4431 2195 4496 adventus
2240 4431 2541 4496 recentia.
2634 4431 2867 4498 Valeat
2920 4435 3133 4518 pater·-

1045 4533 1226 4598 nitas
1267 4539 1486 4600 vestra
1531 4553 1784 4620 semper
1831 4533 1908 4596 in
1954 4531 2257 4598 Domino,

1119 4737 1136 4770 ¹
1171 4737 1352 4794 0.c.c.
1373 4737 1556 4792 inserts
1577 4737 1728 4806 requi.
2094 4737 2109 4806 Ι
2194 4737 2217 4770 ²
2248 4737 2427 4806 vester]
2464 4739 2653 4792 Brown
2672 4737 2815 4788 reads
2836 4743 2901 4788 ut.
