3875 5734
1151 807 1280 870 358
1793 815 2089 866 ROBERTI
2134 815 2591 866 Gnossn‘rnsrn

815 1025 988 1076 Moses
1009 1025 1056 1074 is
1153 1023 1280 1090 que
1325 1023 1460 1068 non
1505 1003 1714 1068 solum
1757 1023 1844 1068 ex
1871 1001 2155 1068 nominis
2202 999 2741 1092 interpretatione
2786 1001 2957 1088 gerit
2998 1005 3227 1088 typum

817 1091 1136 1212 ἓξτὶἒζξξᾙθῗ
1153 1107 1572 1194 praelatorum
1635 1107 1750 1194 qui
1825 1107 2145 1194 assumpti
2210 1113 2361 1172 sunt
2430 1103 2513 1170 de
2558 1103 2983 1170 fluctuatione
3044 1127 3227 1172 vanae

815 1229 1042 1294 prelates.
1153 1209 1664 1276 conversationis
1709 1209 1904 1298 hujus
1935 1209 2185 1290 mundi,
2216 1215 2295 1276 ut
2322 1211 2413 1278 sit
2466 1229 2691 1276 eorum
2734 1209 3133 1274 conversatio
3160 1209 3227 1274 in

1151 1313 1538 1398 oaelestibuS‚
1615 1317 1730 1382 sed
1803 1317 2003 1382 etiam
2094 1337 2177 1380 ex
2238 1313 2607 1382 ministerio
2682 1311 2811 1378 sibi
2880 1311 3121 1378 tradito
3192 1335 3229 1378 a

1155 1419 1480 1500 Domin03
1557 1421 1684 1508 ipsi
1727 1423 1898 1488 enim
1923 1419 1943 1458 ¹
2022 1425 2181 1486 sunt
2226 1419 2465 1506 quibus
2526 1417 2851 1484 Dominus
2916 1419 3229 1484 commisit
3328 1451 3339 1468 ·

1153 1531 1234 1592 ut
1295 1527 1576 1592 educant
1619 1527 1930 1614 populum
1974 1523 2309 1590 videntem
2352 1521 2577 1590 Deum
2622 1545 2739 1608 per
2780 1521 2995 1602 fidem,
3042 1527 3107 1588 et
3150 1523 3227 1590 de

1151 1629 1442 1698 tenebris
1517 1631 1764 1716 peccati
1839 1635 1906 1696 et
1980 1629 2361 1716 ignorantiae
2444 1633 2511 1694 et
2574 1649 2691 1714 per
2764 1633 3227 1694 sacramentum

1153 1731 1482 1820 Baptismi
1555 1739 1622 1800 et
1693 1731 2103 1820 poenitentiae
2190 1731 2259 1794 in
2328 1737 2579 1800 terram
2652 1729 3021 1796 viventium
3108 1731 3227 1796 sibi

1153 1837 1538 1922 promissam
1589 1841 1658 1902 et
1719 1837 2043 1902 caelestem
2108 1833 2481 1902 Jerusalem
2496 1833 2521 1872 2
2582 1833 3019 1902 introducant.
3108 1835 3225 1902 Pro

1151 1939 1274 2006 hoc
1319 1941 1562 2026 itaque,
1607 1941 1784 2028 quod
1831 1941 2089 2028 Moyses
2136 1961 2185 2004 α
2226 1961 2429 2006 meone
2474 1959 2685 2026 usque
2744 1937 2841 2006 ad
2898 1961 3229 2028 vesperam

1153 2043 1412 2110 sedebat
1473 2043 1646 2108 solus
1695 2043 1999 2128 judicans
2062 2041 2387 2130 populum,
2466 2043 2813 2108 manifeste
2874 2043 3229 2112 ostenditur

1153 2147 1330 2232 quod
1373 2145 1580 2232 ipsius
1625 2151 1766 2212 erat
1809 2147 2153 2234 plenitudo
2198 2147 2541 2234 potestatis
2610 2169 2869 2214 omnem
2928 2147 3227 2236 populum

1155 2255 1224 2316 et
1267 2251 1560 2338 singulos
1607 2251 1690 2316 de
1753 2253 1995 2340 populo
2050 2251 2409 2338 judicandi,
2460 2253 2845 2340 corrigendi,
2914 2257 2981 2316 et
3038 2251 3229 2318 refor-

819 2357 884 2436 ‚111
905 2355 1130 2436 appoint-
1153 2355 1396 2420 mandi.
1487 2353 1642 2420 Non
1703 2355 1876 2420 enim
1944 2355 2289 2442 usurpavit
2308 2357 2331 2394 ³
2398 2355 2527 2422 sibi
2592 2377 2711 2442 per
2784 2359 3001 2422 actum
3058 2355 3231 2422 aliud

817 2431 1126 2556 {ssgtsssffffgip
1155 2479 1350 2544 quam
1393 2457 1482 2524 ad
1511 2481 1580 2526 se
1607 2459 1983 2548 pertinebat
2028 2481 2145 2548 per
2188 2463 2519 2550 acceptam
2564 2483 2607 2526 a
2636 2459 2779 2526 Deo
2808 2463 3187 2546 potestatem
3214 2483 3229 2540 3

815 2559 872 2610 in
893 2561 974 2640 hijs
989 2561 1128 2610 work
1153 2565 1264 2628 sed
1341 2565 1496 2650 quia
1541 2565 1714 2630 solus
1787 2589 1922 2630 non
1984 2565 2339 2632 sufficiebat
2406 2565 2495 2630 ad
2562 2565 2963 2652 singulorum
3030 2571 3227 2630 tantae

815 2627 1104 2760 gvglgpngli
1151 2667 1600 2734 multitudinis
1661 2667 2159 2756 disceptationes
2222 2667 2583 2736 audiendas
2626 2673 2697 2734 et
2746 2669 3009 2756 negotia
3066 2667 3231 2754 diju-

815 2763 1058 2880 ‹liliminish
1155 2769 1432 2838 dicanda
1479 2793 1902 2860 excessusque
1950 2771 2351 2860 corrigendos
2406 2777 2477 2838 et
2520 2793 2733 2838 mores
2784 2771 3231 2854 reformandos

821 2847 1120 2950 ᾗῖῗῐξὲἷθῗζ.
1153 2873 1302 2940 ideo
1345 2875 1514 2940 nihil
1559 2875 1686 2942 sibi
1747 2877 1830 2942 de
1873 2881 2139 2964 accepta
2182 2879 2511 2964 potestate
2556 2877 2869 2956 adimenS,
2914 2877 3023 2942 sed
3066 2877 3227 2962 ejus-

821 2967 1112 3086 ggflissssim·
1157 2977 1310 3044 dem
1351 2981 1702 3066 potestatis
1743 2979 2219 3066 plenitudinem
2260 2979 2573 3060 retinam,
2604 2979 2763 3046 alios
2794 2979 2917 3044 sibi
2958 2979 3231 3044 adscivit

821 3115 958 3152 more
981 3101 1076 3154 im·
1157 3081 1228 3148 in
1273 3087 1528 3172 partem
1573 3107 1708 3150 suae
1751 3083 2187 3150 solicitudinis
2228 3083 2655 3170 coadjutores
2700 3105 2787 3150 ne
2830 3083 2997 3150 solus
3042 3083 3227 3150 susti-

821 3177 1022 3288 ξξζζξῃῑ
1155 3193 1346 3254 neret
1389 3189 1726 3274 negotium
1769 3189 1947 3276 quod
2004 3189 2091 3254 ad
2162 3189 2619 3278 complendum
2664 3213 2781 3276 per
2836 3195 3051 3256 actum
3094 3195 3231 3256 erat

823 3283 826 3286 ⁴
959 3275 974 3288 ⁰
1157 3285 1356 3378 supra
1397 3293 1572 3358 vires
1613 3293 1818 3380 ipsius
1861 3291 2079 3372 solius,
2126 3293 2241 3360 sed
2282 3291 2499 3362 levius
2556 3291 2691 3360 sibi
2766 3299 2921 3360 esset
2976 3293 3229 3378 partito

1109 3443 1112 3446 -
1155 3417 1352 3462 onere
1397 3395 1484 3462 ’13η
1527 3395 1714 3462 alios,
1805 3395 1880 3462 Si
1925 3397 2099 3462 enim
2144 3397 2233 3462 sie
2276 3397 2425 3464 aliis
2470 3397 2851 3462 tradidisset
2898 3395 3229 3484 judicandi

1151 3503 1550 3588 potestatem
1595 3501 1770 3588 quod
1829 3501 1957 3568 sibi
2002 3501 2359 3584 ademisset,
2436 3523 2571 3568 non
2634 3501 2885 3568 dictum
2948 3507 3113 3568 esset
3154 3503 3227 3582 ei,

1151 3603 1354 3672 Solus
1397 3603 1582 3672 illud
1625 3627 1770 3674 ‘non
1807 3605 2065 3694 poteris
2106 3607 2439 3676 gustavere
2454 3631 2483 3688 ;
2514 3605 2631 3672 sed
2674 3607 2921 3674 dictum
2962 3613 3125 3672 esset
3156 3609 3225 3688 ei,

1153 3711 1328 3796 quod
1371 3715 1590 3778 totum
1635 3711 1778 3778 aliis
1821 3711 2113 3778 traderet
2158 3711 2271 3798 qui
2310 3717 2537 3780 totum
2580 3713 2993 3778 sustinerent.
3042 3711 3231 3778 Nunc

1153 3819 1376 3880 autem
1451 3813 1524 3880 in
1583 3837 1660 3882 eo
1727 3815 1904 3902 quod
1972 3813 2227 3896 dicitur,
2288 3815 2495 3888 Solus
2538 3813 2725 3882 illud
2790 3837 2931 3882 ‘non
2982 3815 3231 3902 poteris

1153 3917 1502 3996 sustinere,
1565 3921 1904 3986 evidenter
1968 3921 2271 3986 innuitur
2332 3919 2515 4008 quod
2574 3921 2715 4008 ipse
2790 3919 3015 3986 debuit
3070 3921 3229 3986 illud

1157 4023 1478 4090 sustinere
1509 4025 1866 4112 negotium,
1913 4047 2053 4092 non
2094 4029 2315 4092 tamen
2358 4025 2553 4104 solus,
2586 4023 2703 4092 sed
2748 4023 3069 4112 adjunctis
3110 4025 3229 4092 sibi
3304 4015 3307 4018 ⁴

1157 4127 1240 4194 ad
1301 4127 1754 4194 sustinendum
1819 4129 1989 4196 illud
2052 4127 2531 4196 coad'utoribus
2556 4155 2571 4168 ·
2634 4149 2755 4194 nee
2796 4131 3111 4196 diceretur
3170 4129 3229 4196 ei

1157 4233 1412 4310 iterum,
1483 4231 1818 4320 leviusque
1885 4231 2013 4300 tibi
2088 4231 2181 4300 sit
2200 4151 2511 4320 Jpartito
2554 4181 2571 4210 ³
2584 4231 2673 4298 in
2746 4233 2915 4300 alios
2928 4231 2955 4270 4
3024 4255 3225 4314 onere,

1157 4335 1288 4400 nisi
1331 4341 1400 4402 et
1443 4335 1580 4422 ipse
1623 4341 1878 4426 partem
1923 4335 2135 4404 oneris
2180 4335 2447 4404 deberet
2488 4341 2885 4424 supportare,
2918 4341 2993 4404 ut
3020 4337 3229 4426 plures

1259 4547 1266 4550 .
1271 4547 1276 4550 .
1281 4545 1324 4552 .-..
1327 4545 1348 4550 ..-
1355 4545 1370 4550 -
1379 4547 1386 4550 .
1389 4547 1394 4550 .
1411 4547 1418 4550 .
1423 4547 1432 4550 ..
1435 4545 1446 4550 -
1451 4545 1492 4550 ...w
1495 4545 1524 4550 ·--
1527 4545 1546 4548 —
1549 4547 1558 4550 .
1565 4545 1574 4550 .
1583 4547 1598 4550 ..
1607 4547 1616 4550 ..
1631 4547 1640 4550 -
1643 4547 1646 4550 .
1649 4545 1692 4552 .—,..
1695 4545 1714 4552 a·
1717 4545 1726 4552 ι
1729 4545 1876 4552 -—-·-—0---
1879 4545 2591 4554 ——m———n——n--q—-u-*ffl———....
2596 4545 2647 4552 *q
2650 4547 2693 4552 -.-
2696 4547 2763 4552 -.,,...
2766 4545 2787 4552 ..-

1229 4673 1244 4702 ¹
1281 4673 1430 4740 enim]
1469 4689 1562 4726 om.
1589 4659 1770 4726 Qec.
2310 4677 2331 4706 3
2370 4673 2655 4740 usurpavit]
2682 4683 2933 4738 usurpant,
2954 4673 3111 4732 Tria,
3134 4673 3227 4722 Ox.

1229 4755 1250 4784 ²
1283 4753 1580 4826 Jerusalem]
1601 4755 1838 4822 judicem,
1863 4755 2025 4818 Trim,
2050 4757 2149 4810 Ox.
2310 4757 2327 4786 ⁴
2364 4753 2523 4828 alios]
2562 4753 2745 4828 alique,
2768 4753 2905 4810 Τι’ὶῐὶ,
