3875 5734
587 1367 598 1372 ’
669 1355 722 1398 to
743 1347 874 1398 refer

669 1415 758 1464 the
777 1421 958 1474 matter

671 1491 722 1560 tp
745 1483 954 1534 arbitra-

667 1557 788 1602 t1on.

677 3917 774 3970 Isa.
797 3919 866 3972 xl.
887 3927 938 3974 4.

1001 837 1130 902 256
1655 855 1949 906 ROBERTI
1996 855 2451 906 oRossmEsrn

1001 1025 1304 1116 possibile
1381 1031 1562 1108 esset,
1629 1029 1884 1118 eligere,
1960 1051 2087 1116 quo
2164 1035 2231 1096 et
2304 1033 2499 1094 tanta
2558 1029 3081 1096 inconvenientia

1001 1131 1388 1212 vitarentur,
1435 1137 1506 1196 et
1567 1135 1858 1220 operatio
1919 1133 2217 1200 veritatis
2280 1137 2347 1198 et
2410 1133 2639 1198 salutis
2700 1133 3075 1214 animarum,

1001 1233 1154 1300 licet
1195 1233 1362 1300 forte
1407 1233 1888 1320 aliquantulum
1929 1237 2157 1320 dilata,
2186 1257 2321 1302 non
2364 1235 2535 1300 foret
2580 1239 2807 1300 tamen
2848 1235 3077 1302 ablata.

1005 1335 1150 1418 Quo
1193 1337 1412 1404 medio
1457 1337 1620 1406 mihi
1647 1341 2001 1408 videbatur
2040 1361 2225 1428 posse
2268 1339 2501 1416 incedi,
2550 1339 2605 1404 si
2648 1337 3079 1404 controversia

1001 1441 1402 1508 visitationis
1467 1441 1778 1510 faciendae
1845 1443 1928 1508 ad
2008 1443 2279 1530 alicujus
2336 1440 2597 1526 judicis,
2646 1441 2953 1528 sapientis
3012 1445 3075 1506 et

1001 1545 1268 1610 omnino
1297 1545 1680 1614 inflexibilis
1721 1569 1762 1610 a
1787 1545 2069 1610 veritate
2106 1545 2357 1630 judieii,
2390 1543 2749 1610 deferretur
2776 1565 3075 1624 examen3

1001 1651 1070 1712 et
1131 1647 1414 1714 maxime
1481 1647 1566 1714 ad
1625 1647 1776 1714 talis
1827 1647 2071 1734 judicis
2134 1667 2423 1728 examen,
2502 1647 2685 1732 cujus
2758 1647 3077 1712 sententia

1001 1753 1230 1818 statim
1283 1751 1596 1818 transiret
1609 1749 1630 1788 ¹
1675 1751 1748 1816 in
1815 1749 2271 1818 auctoritatem
2336 1749 2433 1816 rei
2492 1749 2823 1836 judicatae.
2914 1749 3075 1818 Gum

999 1855 1172 1918 enim
1247 1853 1618 1918 visitationi
1703 1853 1963 1940 praelati
2048 1853 2235 1918 nulla
2306 1851 2585 1920 obsistat
2672 1853 3075 1934 consuetudo,

999 1977 1208 2040 neque
1283 1959 1512 2018 eontra
1575 1977 1740 2030 eam,
1787 1959 2007 2020 currat
2066 1953 2489 2042 praescriptiO,
2554 1977 2673 2022 nec
2736 1955 3073 2040 quicquam

1001 2079 1142 2120 eam
1185 2055 1500 2142 impedire
1541 2057 1760 2124 valeat
1805 2057 1886 2124 de
1935 2055 2103 2142 jure,
2148 2057 2279 2122 nisi
2322 2057 2717 2124 auctoritate
2758 2061 2825 2124 et
2868 2059 3073 2144 gratia

1001 2159 1170 2224 sedis
1213 2157 1608 2244 Apostolicae
1653 2181 1947 2226 concessa
1992 2161 2343 2246 exemptiO,
2390 2161 2553 2246 quid
2602 2163 2673 2226 in
2736 2161 2857 2226 hae
2898 2167 3073 2246 parte

999 2261 1426 2326 sententiabit
1467 2261 1678 2346 judex
1721 2285 1941 2342 verax,
1988 2263 2119 2328 nisi
2160 2263 2337 2348 quod
2396 2263 2515 2328 ubi
2560 2263 2745 2338 deest
2786 2285 2849 2328 a-
2870 2265 3073 2348 gratia

999 2365 1166 2430 sedis
1239 2365 1636 2452 Apostolicae
1709 2389 2007 2432 concessa
2080 2367 2425 2454 exemptio,
2502 2365 2705 2432 libere
2778 2367 3073 2454 procedat

999 2469 1306 2554 praelatus
1395 2469 1466 2532 in
1551 2469 1949 2536 visitationis
2040 2469 2283 2534 officio?
2388 2469 2757 2536 Videbatur
2826 2493 3071 2556 quoque

1001 2571 1164 2634 mihi
1223 2571 1400 2658 quod
1475 2571 1532 2636 si
1605 2573 1676 2636 in
1751 2571 1872 2638 hae
1931 2577 2119 2660 parte
2184 2571 2661 2638 sententiatum
2736 2577 2899 2636 esset
2960 2595 3071 2658 pro

999 2673 1378 2740 visitatione
1397 2673 1438 2754 2,
1513 2675 1600 2740 ab
1687 2675 1906 2762 aliquo
1982 2673 2165 2762 eujus
2238 2675 2567 2740 sententia
2632 2675 2937 2740 transiret
3004 2675 3073 2738 in

1001 2777 1460 2842 auctoritatem
1507 2779 1602 2844 rei
1637 2779 1967 2864 judicatae,
2000 2777 2155 2844 inde
2180 2775 2777 2862 incomparabiliter
2806 2777 3073 2864 amplius

1001 2879 1196 2956 saluti
1239 2879 1598 2944 multarum
1643 2881 2011 2946 animarum
2072 2881 2531 2958 consuleretur,
2582 2901 2775 2964 quam
2844 2879 2895 2944 si
2958 2879 3069 2958 his,

1001 2983 1116 3068 qui
1159 3005 1198 3048 a
1235 3003 1340 3048 me
1369 2983 1630 3048 visitari
1673 2987 1977 3064 renuunt,
2010 2983 2529 3064 reclamantibUS,
2562 2983 2775 3070 poenis
2816 2981 3075 3048 inflictis

1001 3089 1068 3150 et
1155 3085 1608 3170 multiplicatis
1697 3085 1914 3150 subire
1988 3085 2433 3150 visitationem
2516 3081 3069 3170 e‘ompellerentur:

1001 3187 1328 3252 sententia
1373 3187 1544 3252 enim
1605 3189 1916 3274 praedieto
1960 3187 2151 3252 modo
2208 3209 2327 3274 pro
2370 3187 2753 3252 visitatione
2810 3187 3069 3272 prolata,

999 3291 1300 3354 omnibus
1345 3289 1656 3378 episcopis
1701 3291 1965 3378 Angliae
2012 3291 2199 3356 daret
2250 3291 2709 3356 auctoritatem
2748 3289 3069 3368 visitandi,

999 3397 1068 3456 et
1135 3393 1462 3478 episcopos
1523 3393 1928 3480 negligentes
1998 3397 2067 3458 et
2132 3393 2525 3480 pigritantes
2568 3393 2639 3456 in
2682 3393 3073 3458 visitationis

999 3493 1208 3560 officio
1281 3515 1416 3558 non
1503 3495 1910 3560 mediocriter
1984 3495 2067 3560 ad
2142 3495 2551 3560 visitandum
2626 3495 2939 3560 excitaret
3010 3499 3075 3560 et

999 3597 1384 3678 stimularet,
1451 3597 1586 3662 imo
1653 3597 1854 3664 etiam
1923 3597 2319 3684 impelleret:
2392 3601 2799 3664 contumaces
2858 3601 3071 3664 autem

999 3705 1066 3766 et
1139 3699 1510 3766 visitationi
1587 3699 2009 3788 praelatorum
2082 3701 2471 3768 rebellantes
2544 3699 2935 3784 humiliaret,
3010 3707 3073 3768 et

1001 3825 1256 3868 omnem
1301 3825 1524 3870 eorum
1583 3805 2003 3870 rebellionem
2058 3805 2493 3872 contunderet
2538 3809 2607 3870 et
2666 3827 2925 3892 prorsus
2966 3807 3075 3870 ad-

999 3907 1326 3984 nihilaret,
1383 3913 2049 3996 converterenturque
2096 3909 2185 3974 sic
2232 3931 2473 3996 aspera
2514 3907 2599 3974 ‘bn
2640 3909 2793 3974 vias
2830 3909 3075 3994 plamae

1001 4009 1072 4074 in
1159 4013 1564 4096 perpetuum,
1651 4017 1730 4078 ut
1817 4011 2139 4098 episeopi³
2224 4011 2533 4078 videlicet
2620 4011 2881 4098 Angliae
2966 4035 3075 4076 sua

1001 4111 1290 4198 capitula
1331 4133 1610 4198 suosque
1655 4113 1953 4180 subditos
2004 4113 2145 4178 sine
2200 4113 2571 4178 rebellionis
2614 4113 2957 4200 asperitate
3000 4115 3077 4180 de

1001 4215 1196 4302 plano
1271 4215 1652 4296 visitarent3
1743 4213 1926 4302 quae4
1998 4215 2173 4280 bona
2260 4237 2345 4280 ex
2430 4221 2587 4282 actu
2672 4217 2803 4282 mei
2886 4215 3075 4282 solius

1001 4317 1342 4384 visitantis
1401 4341 1546 4382 cum
1607 4323 1798 4384 tanta
1839 4317 2211 4398 rebellione,
2260 4321 2577 4404 quantam
2636 4341 2833 4406 supra
2874 4317 3077 4404 tetigi,

1001 4421 1122 4486 vix
1163 4425 1282 4486 aut
1325 4419 1508 4486 nullo
1549 4423 1742 4486 modo
1787 4421 2217 4506 pervenirent.

1067 4613 1082 4644 ¹
1121 4611 1376 4678 transiret]
1403 4611 1574 4674 exiret,
1601 4613 1780 4666 C.C.C.
2160 4625 2181 4666 3
2214 4625 2451 4692 episcopi]
2490 4611 2577 4690 iffi,
2600 4623 2779 4676 O.C.C.

1067 4695 1088 4726 ²
1111 4709 1208 4762 pro
1253 4693 1544 4758 visitatione]
1605 4709 1694 4760 per
1733 4695 1997 4758 visionem,
2162 4705 2181 4734 ⁴
2214 4705 2349 4772 φη]
2386 4703 2447 4770 ql,
2472 4701 2651 4756 0,G,O.

1003 4775 1184 4836 C.C.C.
